1990 2959
369 159 421 198 40
965 157 1083 190 Ericus
1104 158 1223 190 Mllller

365 264 581 302 nautarum
619 263 661 301 et
697 260 909 301 mulierum
944 261 1203 301 Lemniarum
1251 264 1533 311 argumentum
1578 265 1817 314 tragoediae

367 323 604 374 praebuisse
631 322 901 373 probabiliter
927 323 1121 364 Welcker
1151 323 1246 363 Tra.
1272 335 1310 373 p.
1337 324 1416 364 313
1442 323 1626 365 coniecit.
1680 325 1816 376 Appa-

366 389 537 427 ruerunt
564 390 700 426 autem
726 385 875 437 Cabiri‚
903 385 972 436 qui
999 387 1213 427 daemones
1241 385 1284 426 in
1302 386 1581 427 Samothracia
1608 390 1652 427 et
1670 388 1813 430 Lemni

367 449 605 490 colebantur
619 449 632 472 ¹
679 461 858 499 quosque
898 449 1006 500 ipsos
1042 449 1083 490 in
1118 461 1276 490 scenam
1314 448 1508 500 prodiisse
1544 461 1566 490 e
1603 450 1836 492 Plutarchi¹

365 513 460 563 loco,
489 524 606 563 quem
633 514 748 553 modo
777 512 1092 563 commemoravi,
1119 513 1262 554 elucet.
1315 512 1506 563 Legimus
1525 513 1629 554 enim
1649 513 1818 555 Cabiros

366 577 474 626 apud
501 576 746 627 Aeschylum
774 588 848 625 per
869 576 999 617 iocum
1026 576 1199 617 minatos
1227 588 1317 616 esse
1336 580 1495 617 acetum
1523 588 1546 617 e
1565 576 1745 618 domibus
1771 589 1816 618 se

368 650 457 680 esse
484 642 719 690 remoturos,
746 639 789 679 id
817 640 921 689 quod
948 642 1061 680 recte
1088 639 1252 680 Lobeck
1278 639 1543 690 Aglaopham.
1580 651 1615 690 p.
1645 640 1747 681 1207
1757 651 1816 690 sq.

368 702 594 752 explicasse
631 702 802 753 videtur,
836 703 928 742 dum
962 702 1129 742 Cabiros
1166 702 1416 752 Argonautis
1450 702 1712 743 familiariter
1747 703 1817 743 ho-

367 764 534 815 spitium
570 766 764 815 parantes
801 763 932 804 iocose
967 763 1141 804 minatos
1177 774 1266 806 esse
1315 764 1491 816 censuit,
1535 767 1693 806 tantam
1728 764 1817 807 vini

368 828 524 877 copiam
552 839 597 867 se
633 838 721 867 esse
757 828 998 877 prolaturos,
1035 831 1081 867 ut
1116 828 1159 867 in
1197 828 1379 867 domibus
1414 839 1466 868 ne
1499 831 1619 877 gutta
1655 829 1816 877 quidem

367 890 473 931 aceti
501 890 572 930 sed
599 889 725 930 solum
754 889 893 930 vinum
920 889 1184 930 inveniretur.
1238 889 1325 930 Hoc
1351 890 1448 941 loco,
1483 889 1526 930 id
1566 891 1670 940 quod
1705 893 1817 931 recte

367 953 446 993 iam
475 953 667 994 Welcker
695 953 791 992 Tril.
819 965 856 1002 p.
883 953 962 993 314
991 953 1108 1003 vidit,
1145 954 1446 993 demonstratur
1481 956 1685 1002 tamquam
1721 954 1819 994 deos

368 1015 536 1056 Cabiros
564 1016 642 1056 hac
668 1015 711 1056 in
738 1015 880 1056 fabula
902 1016 1129 1067 Aeschylea
1155 1027 1244 1056 esse
1272 1017 1500 1067 productos,
1526 1027 1618 1056 nam
1647 1016 1723 1057 soli
1750 1016 1817 1057 dei

367 1090 419 1119 ex
446 1090 521 1119 sua
549 1078 733 1128 potentia
760 1079 970 1119 vinearum
998 1080 1229 1119 ubertatem
1258 1090 1408 1128 augere
1443 1082 1621 1128 possunt.
1684 1081 1817 1129 Atque

369 1141 456 1182 vini
483 1141 744 1182 multitudine
781 1153 916 1182 omnes
953 1142 1218 1192 Argonautae
1255 1141 1359 1182 ebrii
1392 1144 1488 1182 sunt
1524 1141 1625 1182 facti
1653 1142 1818 1194 (Athen.

368 1204 393 1245 l.
421 1204 474 1256 1.).
546 1205 633 1255 Ipsi
670 1208 805 1245 autem
843 1204 982 1245 Cabiri
1018 1205 1091 1245 has
1128 1208 1266 1255 partes
1304 1207 1444 1256 agunt,
1472 1206 1576 1255 quod
1612 1217 1692 1246 una
1728 1216 1814 1247 cum

370 1268 554 1308 Vulcano
599 1268 809 1308 vinearum
855 1268 1111 1308 Lemniarum
1155 1271 1310 1308 tutores
1363 1269 1613 1317 putabantur
1627 1269 1652 1309 ².
1737 1268 1816 1319 Qui

371 1332 565 1381 quomodo
592 1330 864 1382 apparuerint,
892 1332 1101 1372 nescimus.
1154 1330 1233 1372 Sed
1262 1330 1469 1372 Welckeri
1496 1331 1709 1382 sententia,
1746 1331 1817 1381 qui

370 1395 532 1434 chorum
559 1405 609 1433 ex
638 1394 690 1433 iis
717 1393 976 1443 compositum
1002 1392 1127 1434 fuisse
1154 1395 1346 1434 censebat
1375 1393 1490 1445 (Tril.
1508 1405 1545 1444 p.
1564 1394 1668 1446 314),
1695 1394 1818 1434 titulo

370 1456 502 1507 magis
528 1457 736 1506 probatur,
765 1468 884 1506 quam
912 1458 1016 1506 quod
1044 1457 1252 1497 Hermann
1279 1468 1411 1506 opusc.
1438 1457 1482 1496 II
1502 1458 1578 1497 125
1606 1457 1816 1506 Argonau-

369 1522 504 1559 tarum
533 1519 696 1559 chorum
732 1519 960 1560 adhibitum
996 1518 1123 1559 fuisse
1159 1518 1290 1560 voluit
1301 1518 1328 1558 ⁸.
1391 1519 1530 1568 Neque
1561 1518 1604 1559 in
1642 1530 1688 1559 eo
1721 1519 1818 1560 hae-

369 1583 539 1623 rendum
579 1593 666 1623 esse
703 1582 895 1623 Welcker
938 1585 1051 1623 recte
1087 1581 1329 1633 explicavit,
1374 1583 1480 1631 quod
1515 1594 1565 1622 ex
1605 1582 1738 1623 tribus
1774 1582 1817 1622 in

370 1646 534 1686 chorum
561 1645 673 1685 aucti
709 1648 805 1685 sunt
841 1645 995 1696 Cabiri,
1031 1657 1118 1686 cum
1156 1646 1280 1696 plane
1306 1645 1411 1685 idem
1448 1645 1491 1685 in
1523 1645 1817 1686 Eumenidibus

372 1707 524 1749 factum
552 1707 617 1748 sit.
671 1709 790 1749 Certe
828 1713 964 1749 autem
1000 1708 1042 1749 in
1070 1708 1230 1749 Cabiris
1266 1708 1407 1749 fabula
1441 1708 1618 1749 maxima
1653 1710 1817 1749 deorum

373 1771 654 1820 hominumque
688 1770 953 1810 familiaritas
988 1771 1134 1821 inerat,
1166 1782 1255 1810 cum
1289 1771 1355 1810 dei
1382 1772 1435 1810 ad
1463 1771 1642 1810 homines
1677 1771 1818 1811 dever-

373 1836 508 1873 tentes
536 1833 708 1872 iucundo
736 1833 921 1873 convivio
950 1845 1037 1873 cum
1062 1833 1122 1872 eis
1149 1833 1491 1883 coniungerentur
1519 1837 1561 1873 et
1579 1833 1677 1873 iocis
1696 1833 1818 1873 alteri

375 1895 525 1934 alteros
554 1895 807 1934 delectarent
834 1893 1059 1945 (παίζοντες
1085 1892 1303 1945 ἠπείλησαν
1330 1905 1385 1933 sc.
1415 1893 1552 1934 Cabiri
1579 1894 1688 1934 Plut.
1714 1894 1739 1933 1.
1766 1894 1818 1945 1.).

374 1956 582 2007 Religioni
609 1956 738 2007 igitur
756 1957 862 1997 tales
887 1957 954 1996 dei
980 1957 1050 1997 vix
1068 1957 1358 1997 inserviebant.
1412 1957 1492 1996 Sed
1510 1956 1554 1996 in
1572 1956 1819 1997 carminibus

373 2018 548 2059 heroicis
574 2021 660 2058 tam
688 2022 803 2059 artae
823 2020 984 2059 deorum
1013 2019 1293 2068 hominumque
1312 2018 1611 2059 consuetudinis
1638 2018 1822 2068 exempla

373 2094 452 2123 non
481 2084 639 2123 desunt.
694 2082 760 2122 Sic
787 2082 831 2122 in
859 2082 1018 2132 Cypriis
1046 2082 1214 2133 (Kinkel
1250 2083 1275 2122 l.
1303 2094 1340 2131 p.
1368 2082 1419 2121 24
1446 2082 1471 2121 1.
1499 2094 1536 2131 p.
1565 2082 1632 2133 17)
1660 2081 1724 2121 dei
1750 2082 1818 2121 ho-

372 2145 579 2195 minesque
607 2145 650 2185 in
677 2145 792 2186 Pelei
821 2144 1085 2195 Thetidisque
1112 2144 1266 2195 nuptiis
1285 2145 1425 2185 eadem
1444 2155 1543 2185 cena
1570 2143 1820 2195 fruebantur,

374 2211 497 2257 atque
525 2209 633 2258 apud
651 2209 869 2258 Phaeacas,
897 2208 1043 2257 quibus
1062 2207 1250 2258 cognatio
1278 2208 1476 2256 quaedam
1496 2218 1583 2247 cum
1603 2207 1666 2246 dis
1693 2207 1819 2247 inter-

375 2271 557 2321 cedebat,
584 2270 627 2310 in
654 2271 827 2320 dapibus
855 2270 963 2321 ipsos
982 2271 1077 2311 deos
1103 2270 1303 2311 interesse
1322 2269 1513 2310 Alcinous
1536 2269 1649 2310 Ulixi
1675 2272 1821 2310 narrat

375 2333 531 2384 (odyss.
559 2333 644 2372 VII
671 2334 747 2373 201
759 2334 874 2384 sqq).
927 2333 1073 2382 Itaque
1100 2333 1327 2384 Aeschylus
1354 2333 1528 2373 fortasse
1565 2332 1645 2372 iam
1680 2332 1722 2372 in
1750 2331 1822 2371 illo

484 2436 496 2455 ¹
517 2436 675 2470 Welcker
699 2435 782 2469 Tril.
804 2447 836 2478 p.
851 2436 1008 2479 160sqq.;
1030 2437 1170 2479 Lobeek,
1193 2437 1442 2479 Aglaophamus
1463 2446 1494 2478 p.
1517 2436 1599 2469 1212
1608 2446 1694 2478 sqq.;
1717 2436 1819 2469 Bloch

376 2489 465 2530 apud
486 2489 690 2522 Roscherum
713 2498 738 2522 s.
761 2499 792 2522 v.
816 2486 966 2529 Μεγάλαι
988 2489 1077 2521 θεοί.

483 2540 496 2559 ²
518 2540 784 2573 Preller-Robert
799 2539 1011 2573 Griechischc
1020 2539 1224 2582 Mytholoyie
1238 2550 1270 2581 p.
1288 2540 1349 2573 176
1356 2550 1422 2582 sq.;
1437 2541 1478 2573 cf.
1493 2540 1595 2588 etiam
1607 2539 1820 2574 Welckerum

381 2592 463 2626 Tril.
485 2603 516 2633 p.
539 2592 612 2627 316.
805 2592 818 2612 ³
841 2592 900 2635 cf„
923 2602 1008 2634 quae
1030 2603 1130 2634 supra
1150 2603 1181 2634 p.
1204 2593 1242 2625 21
1268 2593 1311 2626 ad
1332 2593 1511 2627 Toxotides
1532 2592 1700 2626 adnotavi.
