1990 2959
498 151 548 184 De
569 150 769 184 Graecorum
790 150 924 183 deornm
946 149 1096 191 partibus
1118 149 1310 190 Aeschyleis
1576 151 1625 189 31

189 254 348 306 epicum
373 253 504 306 igitur
541 256 593 305 et,
630 256 677 294 ut
712 264 861 304 magna
896 263 985 293 cum
1021 252 1110 294 veri
1136 252 1272 302 specie
1307 251 1488 293 iudicare
1522 252 1630 303 licet,

189 317 332 358 Iliadis
367 328 522 366 parvae
561 316 784 365 exemplum
821 315 1047 365 Aeschylus
1082 315 1294 354 Thetidem
1339 315 1381 354 in
1418 315 1629 354 Armorum

190 378 341 420 iudicio
369 377 563 419 adhibuit.

295 451 717 502 Psychostasiam
753 453 889 490 autem
921 450 1100 490 fabulam
1128 450 1220 490 inde
1257 461 1344 489 esse
1372 450 1631 499 appellatam,

192 515 297 566 quod
324 513 367 555 in
403 525 452 555 ea
478 513 653 555 Achillis
678 512 980 564 Memnonisque
1013 513 1173 554 animae
1199 512 1520 564 pensitabantur‚
1558 513 1631 553 ali·

190 583 289 627 quot
316 578 423 628 locis,
460 588 559 627 quos
586 578 730 617 Nauck
756 577 865 617 TGF
892 589 929 626 p.
957 578 1008 616 88
1018 588 1075 626 sq.
1111 577 1285 626 collegit,
1323 578 1632 616 demonstratur.

191 641 367 694 Quorum
394 639 631 692 praecipuos
658 651 764 681 nunc
791 639 1018 681 afferamus.
1071 639 1217 681 Pollux
1245 639 1304 681 IV
1333 639 1410 681 130
1437 639 1630 692 (Bekker)

191 706 379 755 praebet:
406 703 503 742 Ἀπὸ
531 703 574 742 δὲ
591 710 662 742 τοῦ
683 704 914 754 θεολογείου
942 702 1053 749 ὄντος
1070 701 1172 755 ὑπὲρ
1199 703 1268 751 τὴν
1294 703 1437 754 σκηνὴν
1464 700 1506 740 ἐν
1532 701 1632 754 ῧψει

191 764 474 819 ἐπιφαίνονται
495 768 599 811 θεοί,
627 765 684 814 ὡς
710 764 732 806 ὃ
750 766 848 813 Ζεὺς
874 766 940 806 καὶ
967 765 1007 806 οἱ
1033 765 1128 818 περὶ
1155 764 1273 805 αὐτὸν
1301 763 1342 805 ἓν
1377 767 1632 817 Ψυχοστασίᾳ.

193 830 434 871 Plutarchus
469 832 519 870 de
556 831 647 870 aud.
682 833 788 879 poet.
829 842 860 870 c.
898 832 922 869 2
957 842 996 879 p.
1025 831 1122 869 17A
1149 830 1340 879 Aeschyli
1381 829 1630 878 tragoediam

191 903 426 943 comparans
455 886 540 932 cum
560 892 704 933 Iliadis
732 892 1011 943 psychostasia
1037 893 1079 932 X
1097 892 1318 939 210—213,
1347 891 1418 932 ubi
1445 891 1632 942 Iuppiter

193 955 381 996 Hectoris
417 958 459 996 et
495 955 665 996 Achillis
700 959 829 996 sortes
862 956 1060 1005 pensitat,
1098 956 1198 995 haec
1234 954 1406 1005 profert:
1442 954 1534 994 Ἐπὶ
1562 960 1632 993 τοῦ

193 1018 290 1065 Διὸς
329 1016 529 1070 εἰρηκότος
567 1018 730 1070 Ὁμήρου
765 1042 816 1047 ——
857 1022 1081 1068 sequuntur
1117 1020 1260 1058 Iliadis
1301 1019 1363 1058 illi
1398 1030 1542 1058 versus
1578 1041 1630 1046 —

192 1079 417 1133 τραγῳδίαν
454 1078 475 1120 ὃ
512 1080 706 1130 Αἰσχύλος
742 1080 835 1134 ὅλην
870 1087 925 1132 τῷ
966 1082 1084 1132 μύθῳ
1119 1082 1360 1134 περίεθηκεν
1396 1078 1628 1132 ἐπιγράψας

201 1145 470 1192 Ψυχοστασίαν
496 1144 563 1183 καὶ
580 1144 833 1195 παραστήσας
858 1150 945 1190 ταῖς
970 1144 1181 1194 πλάστιγξι
1207 1151 1275 1183 τοῦ
1295 1143 1390 1190 Διὸς
1415 1144 1530 1183 ἔνθεν
1555 1143 1626 1192 μὲν

194 1205 263 1258 τὴν
283 1209 404 1250 Θέτιν,
433 1204 550 1245 ἔνθεν
569 1205 611 1245 δὲ
629 1206 695 1258 τὴν
712 1206 799 1253 Ἠώ,
829 1205 1017 1256 δεομένας
1033 1204 1135 1259 ὑπὲρ
1154 1212 1233 1245 τῶν
1253 1204 1628 1256 υἱέων-μαχομένων.

194 1269 377 1320 Iuppiter
403 1269 531 1320 igitur
567 1271 704 1310 eadem
746 1270 914 1320 ratione,
949 1281 1031 1318 qua
1066 1271 1172 1319 apud
1208 1270 1421 1309 Homerum
1458 1269 1630 1310 Achillis

193 1334 236 1373 et
275 1332 464 1373 Hectoris
503 1335 630 1373 sortes
671 1333 888 1383 ponderat,
929 1333 980 1373 ab
1021 1332 1220 1384 Aeschylo
1264 1332 1306 1372 in
1346 1331 1631 1384 Psychostasia.

193 1396 364 1436 Achillis
389 1399 431 1436 et
457 1396 679 1436 Memnonis
706 1395 861 1435 animas
889 1395 1097 1444 pensitans
1139 1399 1229 1436 erat
1263 1396 1529 1435 introductus.
1583 1396 1631 1434 In

194 1458 436 1509 Aethiopide
474 1461 627 1505 autem,
672 1458 713 1498 in
759 1469 841 1508 qua
877 1459 928 1499 de
963 1458 1135 1499 Achillis
1164 1458 1463 1509 Memnonisque
1498 1469 1633 1510 pugna

193 1524 394 1572 agebatur
422 1522 587 1573 (Kinkel
615 1522 640 1561 l.
658 1523 684 1561 l.
702 1534 739 1571 p.
759 1522 826 1573 33)
855 1533 1008 1571 quoque
1037 1523 1213 1562 carmine
1241 1523 1284 1562 in
1310 1523 1431 1562 rebus
1451 1523 1503 1562 ad
1530 1523 1633 1562 hanc

194 1595 372 1634 pugnam
391 1584 688 1634 pertinentibus
707 1584 948 1635 Aeschylum
969 1596 1084 1625 usum
1102 1596 1191 1626 esse
1210 1597 1283 1635 per
1300 1596 1344 1625 se
1370 1584 1634 1635 intellegitur,

197 1659 277 1687 non
304 1651 352 1687 ut
378 1649 486 1697 apud
513 1648 728 1687 Homerum
746 1647 929 1697 Iuppiter
948 1649 1020 1688 sed
1038 1648 1263 1688 Mercurius
1291 1648 1446 1688 animas
1473 1648 1635 1687 heroum

196 1710 448 1762 ponderavit,
482 1710 526 1751 id
559 1711 665 1761 quod
700 1721 848 1761 magna
875 1722 963 1751 cum
998 1710 1087 1751 veri
1121 1711 1255 1761 specie
1282 1710 1449 1752 Carolus
1484 1710 1637 1751 Robert

197 1773 494 1814 demonstravit
507 1774 532 1813 ¹.
602 1773 829 1824 Aeschylus
871 1773 1000 1823 igitur
1043 1773 1173 1823 ipsam
1227 1773 1547 1824 psychostasiam
1593 1773 1635 1812 in

197 1856 330 1900 cyclicis
352 1857 392 1891 de
413 1858 512 1892 rebus
533 1857 623 1899 apud
643 1857 775 1891 Troiam
797 1860 871 1899 post
893 1857 1007 1892 Iliadis
1029 1858 1128 1891 finem
1151 1858 1256 1901 gestis
1278 1858 1506 1900 tradebantur,
1528 1858 1634 1890 denuo

197 1910 326 1943 cecinit.
371 1910 485 1951 Neque
507 1913 620 1944 tamen
642 1920 684 1943 ex
704 1911 766 1943 hoc
786 1913 886 1951 poeta
907 1911 946 1943 de
961 1910 1079 1943 Iliadis
1100 1920 1222 1952 parvae
1245 1911 1299 1943 vel
1321 1910 1453 1943 omnino
1475 1910 1515 1942 de
1537 1909 1635 1950 cycli-

198 1972 309 1996 corum
331 1962 512 1995 carminum
536 1962 742 2004 argumentis
763 1961 939 2003 quicquam
968 1962 1050 1996 certi
1079 1962 1224 1996 conicere
1246 1962 1331 1996 licet.
1375 1962 1460 1995 Eum
1484 1961 1572 1995 enim
1599 1962 1634 1994 in

198 2023 295 2056 opere
324 2024 383 2047 sno
413 2014 643 2048 conscribendo
674 2014 740 2046 iam
764 2024 831 2048 non
858 2014 940 2055 ipsis
973 2014 1104 2056 cyclicis
1126 2013 1336 2047 ‘carminibus
1368 2014 1425 2047 sed
1459 2013 1633 2054 praecipue

198 2066 341 2099 Homero
369 2069 404 2099 et
432 2066 611 2099 enchiridio
639 2066 782 2107 quodam
810 2066 1102 2109 mythographico,
1131 2066 1167 2098 in
1195 2076 1259 2107 quo
1287 2065 1439 2099 similiter
1467 2068 1568 2105 atque
1597 2064 1633 2097 in

198 2118 390 2160 Apollodori
411 2118 610 2151 bibliotheca
631 2128 684 2152 res
701 2117 838 2151 Troicae
859 2117 1004 2152 breviter
1025 2121 1121 2165 eqant
1141 2120 1323 2160 enarratae,
1345 2127 1442 2150 usum
1464 2126 1545 2159 esse,
1568 2117 1634 2149 alia

199 2173 311 2203 autem
334 2180 377 2203 ex
397 2170 633 2204 recentioribus
653 2171 760 2211 poetis
778 2171 873 2204 velut
893 2170 972 2211 ipsis
993 2170 1130 2212 tragicis
1153 2172 1187 2203 et
1201 2169 1435 2202 Alexandrinis
1456 2178 1634 2210 eorumque

200 2225 236 2256 et
255 2222 392 2256 Homeri
413 2222 545 2257 scholiis
575 2222 803 2265 desumpsisse,
833 2221 899 2255 alia
930 2231 971 2255 ex
999 2221 1104 2263 ipsius
1132 2221 1268 2255 arbitrio
1297 2224 1517 2255 commutasse
1546 2231 1635 2255 nunc

198 2274 288 2308 inter
307 2274 466 2316 plurimos
487 2275 578 2308 viros
607 2275 717 2307 doctos
745 2274 877 2307 videtur
904 2277 1063 2307 constare.
1115 2274 1310 2307 Conferendi
1339 2277 1419 2307 sunt
1447 2274 1510 2306 hac
1538 2274 1579 2307 de
1599 2283 1635 2307 re

199 2326 239 2362 A.
260 2326 410 2368 Koechly
430 2326 466 2359 in
481 2326 598 2367 Quinti
611 2325 754 2359 editione
769 2325 900 2368 maiore,
922 2325 1054 2367 Lipsiae
1071 2325 1154 2359 1850
1167 2336 1198 2368 p.
1213 2327 1333 2368 quq.‚
1355 2326 1392 2360 F.
1407 2326 1635 2368 Kehmptzow,

200 2380 240 2412 de
254 2378 371 2420 Quinti
391 2378 564 2419 Smyrnaei
577 2378 724 2412 fontibus
738 2388 777 2411 ac
791 2378 1002 2419 mythopoeia
1022 2378 1151 2412 dissert.
1166 2379 1277 2412 Kiliae
1292 2379 1385 2420 1891,
1400 2379 1495 2412 Ferd.
1512 2379 1636 2420 Nescit,

200 2430 305 2472 quiin
316 2429 531 2472 ephemeride,
544 2439 628 2471 quae
636 2433 774 2463 vocatur
787 2429 1017 2472 Gottinqische
1026 2429 1168 2473 gelehrte
1178 2431 1356 2474 Anzeiyen,
1367 2430 1449 2464 1892
1456 2441 1487 2473 p.
1498 2430 1560 2464 769
1567 2441 1637 2473 sqq.

200 2483 242 2516 de
272 2481 519 2522 dissertatione,
549 2492 647 2523 quam
676 2482 771 2516 modo
792 2482 1061 2524 commemoravi,
1090 2483 1233 2525 rettulit,
1262 2484 1465 2516 Banmstark
1493 2483 1514 2516 1.
1538 2493 1638 2524 supra

199 2544 232 2576 p.
253 2535 296 2568 29
317 2535 339 2568 l.
362 2545 393 2576 p.
415 2534 554 2576 282sqq.

308 2586 320 2605 ¹
340 2585 424 2619 Bild
443 2586 514 2619 wnd
534 2585 629 2628 Licet,
651 2585 772 2620 Philol.
802 2586 1096 2630 Unterwchunyen
1119 2587 1150 2622 V
1173 2587 1280 2630 (1881)
1305 2588 1364 2620 143
1373 2597 1442 2629 sqq.
