1990 2959
250 1129 329 1181 Qui
356 1128 543 1180 Aeschyli
577 1128 750 1178 fabulas,
787 1139 891 1178 quae
927 1127 1086 1178 quidem
1123 1128 1256 1169 adhuc
1283 1130 1459 1178 exstant,
1495 1139 1589 1178 per-

139 1193 350 1239 lustrabit,
378 1192 413 1232 is
440 1192 482 1232 in
511 1190 800 1232 Eumenidibus
828 1194 870 1231 et
895 1190 936 1231 in
963 1191 1202 1231 Prometheo
1229 1190 1375 1232 Vincto
1403 1192 1498 1231 deos
1525 1191 1589 1231 in-

145 1256 285 1298 veniet
311 1256 355 1295 in
383 1266 541 1296 scenam
568 1256 793 1305 productos,
820 1265 894 1304 per
919 1265 1017 1304 quos
1046 1253 1172 1294 multa
1199 1255 1265 1295 vel
1290 1253 1424 1304 potius
1451 1253 1587 1294 omnia

141 1319 258 1370 fiunt,
286 1330 389 1369 quae
416 1321 595 1369 aguntur
621 1318 663 1358 in
691 1317 773 1358 illis
800 1317 1032 1368 tragoediis.
1085 1317 1134 1358 In
1154 1316 1442 1369 Eumenidibus
1468 1317 1587 1368 enim,

140 1393 387 1432 quamquam
400 1392 465 1421 res
478 1380 647 1430 Delphis
662 1384 705 1421 et
719 1380 903 1431 Athenis,
915 1380 958 1420 in
972 1381 1141 1420 urbibus
1156 1380 1392 1430 mortalium,
1406 1383 1587 1431 aguntur

139 1448 189 1484 et
214 1445 265 1484 de
291 1444 462 1484 Orestae
498 1443 727 1483 matricidio
763 1442 894 1483 fertur
924 1442 1127 1493 iudicium,
1162 1446 1301 1483 tamen
1334 1443 1399 1483 dei
1433 1443 1586 1492 primas

144 1510 284 1557 partes
312 1506 507 1557 obtinent,
535 1518 623 1546 cum
650 1505 795 1555 Apollo
822 1506 958 1556 prisca
985 1506 1201 1546 Furiarum
1236 1505 1327 1546 iura
1364 1505 1586 1556 impugnet,

146 1570 332 1609 Minerva
358 1569 470 1608 litem
488 1570 651 1608 deorum
674 1568 880 1608 diiudicet.
934 1569 1020 1618 Quo
1039 1568 1097 1617 fit,
1124 1571 1170 1608 ut
1194 1579 1385 1609 novorum
1412 1570 1586 1618 deorum,

147 1631 227 1684 qui,
261 1634 472 1683 postquam
508 1630 696 1682 Iuppiter
731 1630 871 1671 mundi
907 1642 1076 1682 regnum
1114 1630 1337 1682 occupavit,
1374 1630 1586 1682 Olympum

138 1696 294 1745 colunt,
334 1698 376 1734 et
417 1694 632 1734 Furiarum
674 1694 961 1735 controversiis
1001 1695 1127 1734 multo
1172 1695 1301 1734 maius
1346 1697 1587 1735 momentum

147 1757 356 1798 tribuatur
383 1768 500 1806 quam
528 1768 676 1797 causae
703 1756 885 1807 Orestae,
922 1756 992 1807 qui
1027 1757 1135 1807 ipsos
1172 1758 1266 1798 deos
1301 1758 1355 1797 ad
1391 1758 1589 1808 agendum

140 1823 378 1861 commovet.
415 1820 649 1861 Ceterorum
666 1823 802 1861 autem
815 1820 1027 1870 hominum,
1042 1832 1140 1871 quos
1155 1820 1342 1861 adhibuit
1355 1821 1590 1872 Aeschylus,

140 1884 336 1924 sacerdos
364 1883 559 1933 Delphica
586 1883 705 1933 parvi
732 1884 799 1924 vel
825 1883 960 1933 potius
986 1883 1137 1924 nullius
1164 1883 1354 1924 momenti
1390 1885 1442 1924 ad
1469 1895 1589 1935 argu-

143 1949 326 1986 mentum
345 1946 631 1995 perficiendum
650 1950 713 1986 est
733 1950 775 1986 et
793 1946 1066 1996 Areopagitae
1084 1947 1241 1987 omnino
1256 1945 1375 1999 κωφὰ
1391 1945 1591 1999 πρόσωπα

149 2012 256 2060 sunt,
283 2008 438 2059 quibus,
465 2020 569 2058 quae
596 2008 762 2061 faciant,
787 2021 812 2049 a
835 2010 1022 2050 Minerva
1048 2000 1275 2050 mandatur.
1327 2009 1589 2050 Prometheus

140 2075 284 2112 autem
303 2072 475 2112 Vinctus
501 2072 664 2122 propria
690 2074 853 2113 deorum
881 2072 1094 2123 tragoedia
1111 2076 1184 2122 est,
1212 2073 1255 2112 in
1274 2084 1362 2123 qua,
1389 2072 1425 2112 si
1452 2072 1587 2112 Ionem

150 2135 368 2185 exceperis,
394 2134 470 2175 soli
497 2134 539 2175 di
565 2135 876 2176 introducantur
898 2139 1021 2185 atque
1047 2135 1136 2185 ipsa
1154 2136 1208 2185 Io,
1236 2146 1354 2184 quam
1381 2134 1588 2175 mortalem

141 2209 239 2239 aesse
267 2210 303 2239 v.
331 2199 406 2238 747
418 2209 501 2248 sqq.
514 2199 530 2222 ¹
558 2199 867 2250 demonstratur,
893 2199 1035 2239 Inachi
1061 2198 1154 2249 filia,
1190 2198 1342 2239 Oceani
1367 2198 1504 2248 neptis
1529 2197 1588 2238 di·

144 2261 250 2303 vina
275 2262 449 2311 quadam
479 2264 627 2302 natura
649 2261 806 2302 imbuta
825 2265 866 2302 et
884 2261 1085 2302 artissime
1102 2273 1189 2301 cum
1209 2261 1272 2301 dis
1290 2261 1504 2302 coniuncta
1522 2261 1590 2302 sit.

257 2324 335 2365 Sed
362 2327 409 2365 ut
435 2327 546 2365 recte
572 2324 866 2376 intellegamus,
902 2325 1093 2374 quomodo
1120 2324 1304 2365 effectum
1332 2324 1400 2376 sit,
1436 2328 1484 2365 ut
1509 2324 1591 2375 ipsi

143 2386 195 2426 di
221 2387 298 2427 hac
323 2387 481 2427 ratione
518 2391 688 2438 agentes
721 2387 765 2427 in
791 2398 950 2427 scenam
976 2387 1195 2436 prodirent,
1231 2389 1392 2436 oportet
1418 2390 1591 2429 naturae

261 2491 273 2510 ¹
295 2491 509 2534 Tragicorum
520 2502 635 2526 versus
643 2491 767 2534 protuli
777 2491 955 2525 secundum
964 2491 1124 2525 editiones
1133 2491 1350 2534 Aeschyleam
1358 2492 1494 2527 Henrici
1502 2493 1593 2527 Weil

142 2543 251 2586 „(BibL
273 2544 400 2577 Teubn.
424 2544 529 2587 1907),
551 2544 763 2587 Sophocleum
785 2543 940 2578 Guilelmi
961 2543 1103 2578 Dindorf
1123 2544 1221 2587 (Bibl.
1244 2545 1371 2580 Tenba.
1395 2545 1500 2588 1899),
1522 2545 1593 2579 Eu·

142 2595 311 2637 ‚ripideam
333 2596 478 2638 Adolphi
499 2596 669 2631 Kirchhoff
690 2596 846 2639 (Berolim'
870 2596 973 2638 1867).

214 2657 604 2691 Religionsgeschichtliohe
620 2659 767 2687 Venuche
784 2665 811 2685 u.
824 2659 1018 2686 Vorarbeiten
1035 2659 1113 2692 vm,
1125 2661 1150 2687 3.
1364 2652 1380 2684 l
