1990 2959
341 171 392 210 38
938 169 1056 201 Ericus
1078 169 1198 202 Mliller

342 273 512 313 fortasse
537 283 588 312 ex
614 272 701 322 ipsa
720 271 832 322 poesi
860 272 1020 322 tragica
1048 275 1296 322 assumptum
1317 276 1391 323 est,
1418 273 1541 324 aliud,
1569 285 1647 323 quo
1674 278 1788 317 ortus

341 335 478 375 avium
505 334 823 375 Memnoniarum
860 334 1087 385 explicatur
1119 335 1178 385 (II
1205 336 1284 375 642
1299 335 1402 387 sqq.)
1429 335 1574 376 Ovidio
1611 337 1679 377 vel
1714 338 1787 377 alii

339 399 687 449 μεταμορφώσεων
710 401 856 447 poetae
884 398 1047 438 videtur
1074 397 1214 437 deberi
1229 398 1255 447 ¹,
1285 397 1442 447 reliqua
1468 398 1584 438 velut
1610 399 1787 449 Paphla·

340 460 451 508 gonii
480 460 538 510 (II
563 460 642 500 556
652 463 753 511 sqq.)
781 462 825 500 et
851 459 996 501 Glauci
1023 460 1097 511 (IV
1117 461 1160 500 11
1176 460 1277 511 sqq.)
1303 459 1508 500 fluminum
1537 460 1716 510 origines
1743 463 1788 502 et

340 522 431 572 ipsa
460 534 510 563 ex
536 523 800 572 posteriorum
829 527 1052 572 temporum
1079 522 1311 563 auctoribus
1338 524 1554 572 desumpta
1580 535 1670 564 esse
1696 536 1787 574 pos-

340 588 447 625 sunt.
501 585 649 634 Itaque
676 597 728 625 ne
755 585 897 636 Quinti
934 585 1093 635 quidem
1129 589 1312 635 poemate
1348 585 1617 626 demonstrari
1652 590 1788 636 potest

340 654 425 695 τοῖς
460 645 604 694 αἰτίοις
638 648 681 688 in
718 648 927 689 veteribus
964 648 1136 688 heroicis
1177 648 1440 699 carminibus,
1485 661 1588 698 quae
1623 652 1788 698 praeter

341 711 557 752 Homerum
583 711 664 751 iam
692 710 919 761 Aeschylus
956 710 1089 760 potuit
1116 711 1319 761 adhibere,
1355 711 1444 761 plus
1471 711 1660 752 momenti
1696 722 1787 751 con·

340 784 495 813 cessum
524 784 611 813 esse
639 784 756 821 quam
784 774 892 821 apud
919 773 1026 812 hunc
1053 773 1183 821 ipsum
1211 773 1427 813 Homerum
1455 773 1638 813 vidimus.

445 844 745 886 Vetustioribus
763 844 892 895 igitur
910 844 954 884 in
973 844 1207 895 tragoediis,
1237 844 1383 894 quibus
1407 845 1534 895 primo
1551 845 1678 886 Liber
1699 849 1786 886 tum

339 908 465 947 etiam
492 907 566 946 alii
594 907 660 947 dei
688 907 934 957 colebantur,
963 907 1048 947 sola
1076 907 1148 947 illa
1174 907 1332 947 ratione
1360 908 1453 947 ludo
1481 919 1595 948 sacro
1621 908 1786 958 propria

339 971 434 1010 deos
466 981 555 1010 esse
592 969 798 1010 adhibitos
834 972 945 1010 certe
981 970 1166 1010 concludi
1202 974 1349 1020 potest,
1386 982 1478 1010 nam
1516 972 1708 1019 quomodo
1743 971 1786 1011 in

340 1032 502 1082 fabulis,
531 1043 636 1082 quae
663 1043 714 1072 ex
742 1033 872 1072 sacris
899 1032 1060 1082 hymnis
1087 1035 1203 1073 ortae
1240 1034 1292 1073 ad
1319 1034 1481 1074 deorum
1509 1033 1660 1073 cultum
1697 1045 1786 1083 per-

341 1095 542 1146 tinebant,
579 1095 644 1135 dei
679 1106 788 1135 more
821 1095 1042 1136 carminum
1080 1095 1328 1136 heroicorum
1365 1095 1660 1146 apparuerint?
1727 1097 1788 1137 Ac

342 1162 493 1209 postea,
521 1170 610 1198 cum
638 1158 720 1198 iam
747 1169 797 1198 ex
825 1158 888 1198 his
916 1158 1017 1208 ipsis
1046 1158 1290 1199 carminibus
1327 1159 1629 1209 tragoediarum
1666 1171 1787 1209 argu-

342 1226 480 1261 menta
507 1221 829 1269 assumebantur,
862 1221 986 1261 etiam
1018 1223 1104 1260 tum
1132 1221 1174 1261 in
1210 1221 1434 1271 tragoediis
1474 1221 1703 1272 „heroicis“,
1740 1225 1787 1262 ut

342 1284 406 1323 ita
434 1283 582 1333 dicam,
623 1294 745 1332 saepe
783 1283 849 1322 dei
889 1283 975 1322 ludi
1012 1283 1119 1323 sacri
1155 1283 1313 1323 ratione
1348 1286 1443 1323 sunt
1478 1283 1709 1333 introducti,
1745 1284 1788 1324 id

341 1347 445 1394 quod
483 1345 675 1396 Aeschyli
711 1345 918 1384 Danaides
955 1348 1015 1395 et,
1052 1348 1097 1384 ut
1132 1348 1273 1394 postea
1309 1345 1544 1395 videbimus,
1581 1345 1787 1395 Sophoclis

341 1408 449 1447 Aiax
476 1411 520 1448 et
547 1408 765 1457 Euripidis,
793 1408 864 1456 qui
892 1407 1092 1458 dicuntur,
1121 1408 1186 1447 dei
1214 1419 1264 1447 ex
1288 1408 1473 1448 machina
1499 1409 1786 1448 demonstrant.

340 1472 492 1511 Tamen
519 1470 613 1520 ipsa
640 1470 699 1511 rei
728 1473 876 1511 natura
901 1470 1073 1521 ferebat,
1109 1473 1156 1511 ut
1183 1470 1387 1512 interdum
1424 1470 1573 1521 tragici
1602 1484 1627 1512 a
1653 1472 1785 1522 poetis

339 1533 510 1573 heroicis
538 1544 625 1573 cum
656 1534 907 1583 argumentis
944 1534 1065 1573 etiam
1094 1535 1251 1574 modum
1280 1535 1375 1573 deos
1398 1533 1441 1573 in
1476 1533 1528 1573 iis
1565 1534 1784 1574 adhibendi

339 1596 603 1646 susciperent.
658 1597 794 1646 Atque
812 1596 852 1636 in
873 1596 1067 1647 Aeschyli
1095 1596 1246 1637 fabulis
1266 1597 1420 1637 Troicis
1438 1596 1559 1646 plane
1586 1598 1640 1637 ad
1658 1597 1788 1638 heroi-

339 1671 474 1700 corum
503 1659 722 1700 carminum
750 1660 935 1710 exempla
962 1659 1203 1710 compositis,
1240 1660 1283 1700 in
1311 1660 1457 1709 quibus
1485 1660 1607 1700 etiam
1644 1660 1710 1700 dei
1738 1672 1788 1700 ex

338 1722 421 1762 illis
449 1722 644 1772 poematis
672 1722 868 1772 assumpti
895 1726 990 1762 sunt
1016 1723 1146 1772 iisque
1165 1722 1249 1762 fere
1277 1722 1508 1772 argumenti
1535 1723 1632 1762 locis
1659 1723 1785 1762 intro·

340 1784 452 1824 ducti
480 1796 568 1824 esse
594 1785 795 1834 videntur,
832 1784 978 1833 quibus
1014 1785 1058 1824 in
1085 1784 1169 1824 illis
1206 1787 1494 1834 apparuerunt,
1533 1786 1627 1825 deos
1662 1784 1787 1825 etiam

342 1859 450 1887 more
469 1847 687 1887 carminum
708 1847 956 1886 heroicorum
984 1847 1187 1886 adhibitos
1210 1858 1296 1886 esse
1314 1847 1379 1887 vel
1407 1858 1479 1896 per
1507 1858 1549 1886 se
1568 1847 1789 1887 verisimile

342 1913 405 1949 est
432 1912 475 1949 et
501 1920 579 1949 uno
605 1909 690 1949 loco
717 1909 827 1949 clare
854 1913 988 1958 potest
1008 1908 1284 1949 demonstrari.
1338 1909 1480 1949 Thetis
1508 1908 1614 1949 enim
1640 1909 1787 1959 verbis,

342 1983 445 2020 quae
473 1972 592 2011 Plato
620 1971 804 2012 servavit
832 1982 1014 2020 quaeque
1042 1971 1262 2011 Schneider
1281 1974 1323 2011 et
1342 1971 1549 2011 Hermann
1577 1971 1787 2012 Armorum

341 2033 489 2074 iudicio
516 2034 749 2074 tribuerunt
777 2033 842 2084 (cf.
870 2045 993 2084 supra
1028 2045 1066 2082 p.
1095 2034 1145 2073 29
1156 2035 1240 2085 sq),
1277 2034 1397 2083 plane
1433 2037 1480 2073 ut
1507 2033 1649 2074 mulier
1686 2046 1787 2074 mor-

341 2097 438 2137 talis
466 2098 663 2146 quaedam
690 2096 891 2146 Apollinis
919 2096 1199 2136 crudelitatem
1228 2096 1421 2146 queritur,
1450 2107 1527 2145 quo
1554 2096 1639 2136 loco
1667 2108 1787 2146 quam

341 2163 431 2200 arte
458 2160 684 2210 Aeschylus
721 2159 872 2199 heroici
901 2158 1091 2199 carminis
1130 2158 1297 2199 dictioni
1332 2159 1532 2209 tragicam
1568 2159 1788 2200 orationem

340 2222 559 2275 aptaverit,
597 2234 619 2262 e
655 2223 740 2263 loco
775 2223 946 2272 quodam
980 2222 1121 2273 Quinti
1149 2221 1360 2272 Smyrnaei
1395 2222 1536 2262 elucet.
1600 2222 1649 2262 In
1684 2222 1788 2262 libro

339 2285 446 2325 enim
482 2286 607 2326 tertio
632 2286 1021 2326 Posthomericorum
1058 2297 1095 2326 v.
1123 2286 1307 2326 98—106
1349 2286 1489 2325 eadem
1516 2286 1639 2325 verbo
1666 2288 1789 2325 tenus

340 2348 427 2388 fere
454 2359 542 2388 cnm
571 2349 766 2399 Aeschyli
793 2349 879 2389 loco
907 2347 1203 2388 consentientia
1224 2348 1325 2388 Iuno
1352 2348 1531 2398 Apollini
1560 2349 1788 2397 exprobrat,

340 2410 402 2450 ita
430 2414 476 2450 ut
502 2423 632 2460 paene
651 2411 824 2451 conicias
852 2414 895 2451 et
914 2411 1158 2461 Aeschylum
1179 2414 1220 2451 et
1239 2411 1430 2460 Quintum
1450 2412 1616 2451 eundem
1636 2411 1788 2451 veteris

342 2473 549 2512 cuiusdam
587 2472 691 2522 epici
736 2474 864 2512 locum
903 2484 989 2513 esse
1026 2472 1217 2513 imitatos.
1288 2473 1368 2513 Sed
1413 2472 1598 2522 quoniam
1636 2472 1791 2523 cyclica

448 2599 459 2616 ¹
483 2598 532 2631 Cf.
556 2598 578 2630 l.
602 2607 702 2639 supra
726 2607 755 2639 p.
779 2597 819 2629 31
843 2598 862 2630 l.
887 2598 923 2630 F.
940 2597 1159 2639 Kehmptzow
1182 2607 1214 2639 p.
1230 2596 1272 2630 45
1294 2600 1328 2630 et
1344 2597 1440 2630 Ferd.
1462 2572 1587 2630 Noack'
1598 2606 1630 2637 p.
1645 2595 1709 2629 802
1718 2604 1789 2636 sqq.
