1990 2959
324 136 377 176 20
921 134 1038 170 Ericus
1059 133 1179 168 Mulier

322 241 365 281 id
389 241 496 291 quod
522 239 740 290 Westphal
766 239 792 280 1.
820 251 857 289 p.
885 240 910 279 9
936 238 961 280 L
989 251 1026 289 p.
1044 239 1069 280 3
1096 238 1314 290 proposuit.
1370 238 1548 280 Tertiam
1577 240 1770 291 trilogiae

321 303 574 355 tragoediam
600 302 785 344 Semelen
812 301 939 343 fuisse
965 302 1176 352 Westphal
1213 306 1256 343 et
1283 302 1475 343 Welcker
1510 302 1768 346 consentiunt

322 369 364 405 et
392 365 510 406 nobis
538 376 695 414 quoque
723 376 812 404 cum
839 364 1132 414 probabilitate
1160 376 1318 405 sumere
1353 364 1464 405 licet.
1518 365 1769 405 Baccharum

321 430 458 470 autem
486 427 606 479 quale
632 426 760 469 fuerit
787 430 1079 480 argumentum,
1105 427 1225 479 plane
1253 426 1463 469 nescimus
1517 426 1767 470 Censendum

318 492 449 542 igitur
476 494 539 532 est
554 494 609 540 ,et
635 491 765 540 ipsam
792 491 1134 545 hancytrilogiam
1163 494 1207 531 et
1233 502 1353 531 unam
1380 491 1558 531 eiusdem
1585 490 1767 531 fabulam

319 554 456 594 eodem
484 552 659 595 Penthei
684 553 842 594 nomine
870 546 1125 605 significatas
1153 552 1288 604 fuisse,
1323 551 1403 594 etsi
1439 552 1611 594 alterum
1647 552 1767 594 huius

307 627 416 657 ‘usus
442 617 667 668 exemplum
695 628 773 657 non
793 620 932 657 exstat
945 616 970 656 ¹.
1024 617 1137 657 Haec
1165 616 1201 657 si
1218 616 1418 665 sumimus,
1446 616 1488 656 in
1516 615 1698 657 Pentheo
1724 619 1767 657 et

317 678 360 719 in
388 679 579 720 Xantriis
608 679 833 730 Aeschylus
862 690 909 719 ea
937 678 1146 729 tractavit,
1184 690 1288 728 quae
1316 679 1534 729 Euripides
1565 678 1608 719 in
1643 689 1765 719 unam

316 742 564 783 Baccharum
594 742 844 792 tragoediam
874 741 1091 782 contraxit.
1153 742 1202 782 In
1244 741 1321 782 tali
1356 744 1492 782 autem
1528 744 1765 792 argumento

316 807 429 844 certe
457 805 542 854 ipse
569 804 774 854 Dionysus
810 814 936 853 agens
963 803 1004 843 in
1033 814 1195 844 scenam
1221 803 1380 854 prodiit,
1418 815 1534 853 quem
1570 803 1694 845 etiam
1721 803 1764 844 in

315 866 480 917 Edonis,
508 870 555 907 ut
581 867 718 907 statim
748 866 986 917 videbimus,
1023 867 1246 917 Aeschylus
1272 867 1315 906 in
1344 870 1600 916 conspectum
1638 867 1763 907 dedit.

316 930 419 970 Tum
455 930 497 970 in
533 929 723 970 Xantriis
759 929 929 980 Lyssam
966 929 1206 980 apparuisse
1242 929 1324 970 iam
1360 929 1763 981 commemoravimus,

313 1004 433 1041 quam
463 996 509 1032 ut
535 992 744 1042 Euripidis
766 993 937 1042 Lyssam
965 992 1008 1032 in
1037 993 1213 1032 Hercule
1241 990 1323 1031 ἀπὸ
1351 997 1527 1045 μηχανῆς
1553 992 1762 1034 devolasse

312 1055 446 1096 voluit
481 1055 528 1097 G.
565 1055 705 1106 Haupt
718 1055 743 1096 ².
807 1055 894 1096 Hoc
929 1058 1065 1096 autem
1102 1054 1302 1098 refutavit
1337 1055 1484 1097 Reisch
1498 1055 1525 1107 ⁸,
1560 1067 1649 1097 cum
1682 1055 1761 1097 iam

313 1119 559 1168 Aeschylum
597 1120 692 1159 deos
737 1130 811 1168 per
847 1118 1072 1159 machinam
1109 1119 1326 1159 deduxisse
1370 1120 1637 1159 demonstrari
1681 1131 1761 1159 non

312 1181 441 1231 possit
457 1181 483 1222 4.
546 1181 627 1222 Sed
663 1181 785 1223 etiam
822 1181 972 1223 Reisch
1009 1181 1176 1232 erravit,
1215 1193 1303 1222 cum
1339 1182 1416 1223 hac
1452 1182 1503 1223 de
1539 1193 1584 1222 re
1620 1187 1761 1224 contra

311 1248 468 1284 certum
496 1245 633 1285 Photii
661 1245 945 1295 testimonium,
972 1245 1041 1295 qui
1069 1246 1193 1286 etiam
1221 1257 1361 1286 versus
1388 1247 1578 1295 quosdam
1604 1246 1759 1297 Lyssae

313 1308 564 1358 Aeschyleae
592 1308 786 1358 servavit,
820 1308 863 1348 in
899 1309 1088 1348 Xantriis
1124 1309 1294 1359 Lyssam
1331 1308 1567 1358 apparuisse
1602 1308 1760 1349 omnino

312 1370 546 1420 negaverit;
573 1381 665 1410 nam
694 1374 735 1410 et
754 1370 796 1410 in
816 1373 923 1411 tecto
949 1381 1092 1410 scenae
1120 1374 1163 1410 et
1186 1370 1228 1410 in
1256 1370 1346 1421 ipsa
1372 1371 1581 1411 orchestra
1607 1370 1680 1411 illa
1706 1371 1759 1411 ab

311 1433 514 1484 Aeschylo
543 1433 747 1474 introduci
775 1434 918 1483 potuit.

416 1506 599 1547 Fabulas
617 1507 669 1546 ad
688 1506 980 1556 Lycurgum
1003 1506 1255 1556 pertinentes
1274 1507 1315 1546 in
1334 1506 1541 1557 Lycurgia
1559 1506 1758 1547 tractavit

309 1568 544 1619 Aeschylus,
580 1580 685 1618 quae
721 1580 772 1609 ex
799 1568 963 1619 Edonis,
989 1568 1284 1619 Bassaridibus,
1312 1568 1534 1619 Neaniscis,
1570 1569 1758 1620 Lycurgo

310 1632 490 1683 satyrico
526 1635 617 1673 erat
653 1632 872 1682 composita
907 1632 1044 1683 (schol.
1081 1632 1208 1673 Arist.
1246 1633 1403 1673 Thesm.
1441 1633 1518 1674 135
1554 1633 1756 1683 Duebner‚

308 1695 497 1745 Aeschyl.
516 1694 564 1735 fr.
583 1696 632 1735 61
650 1695 712 1746 N).
767 1695 982 1746 Agebatur
1009 1695 1140 1746 igitur
1166 1695 1207 1735 in
1227 1695 1304 1736 hac
1322 1695 1490 1747 trilogia
1516 1697 1567 1736 de
1593 1695 1756 1747 fabulis,

309 1770 410 1807 quas
437 1758 703 1807 Apollodorus
740 1759 804 1798 111
831 1759 883 1798 34
893 1771 949 1807 sq.
986 1761 1029 1798 et
1056 1759 1245 1810 Hyginus
1273 1759 1352 1799 fab.
1381 1760 1458 1800 132
1494 1759 1678 1800 referunt
1714 1763 1756 1799 et

307 1819 388 1859 iam
422 1820 621 1860 Homerus
657 1820 774 1860 novit
810 1821 859 1871 (Z
886 1821 962 1860 130
971 1821 1082 1871 sqq.).
1154 1820 1264 1871 Quas
1303 1823 1495 1871 quomodo
1530 1821 1755 1873 Aeschylus

306 1883 586 1932 composuerit,
615 1883 806 1922 Welcker
823 1882 980 1922 Nachtr.
1008 1895 1044 1932 p.
1065 1884 1140 1923 103
1150 1895 1234 1932 sqq.
1261 1887 1304 1923 et
1322 1884 1369 1924 G.
1388 1884 1594 1924 Hermann
1621 1896 1754 1934 opusc.

307 1943 345 1984 V
373 1945 493 1993 3sqq.
521 1944 735 1985 enucleare
768 1946 1022 1985 studuerunt.
1078 1945 1305 1985 Edonorum
1342 1945 1570 1996 argumenti
1606 1957 1754 1997 magna

416 2049 426 2067 ¹
449 2049 553 2081 Plano
567 2048 697 2082 incerta
712 2051 762 2081 est
778 2048 946 2082 Welckeri
961 2049 1139 2091 sententia,
1162 2049 1219 2090 qui
1238 2049 1320 2082 Tril.
1343 2059 1373 2091 p.
1389 2049 1462 2090 325,
1484 2049 1626 2084 Nachtr.
1642 2060 1673 2092 p.
1691 2050 1752 2083 103

305 2101 446 2135 coniecit
475 2100 515 2131 τὸ
552 2100 734 2141 ὑπόμνημα
763 2101 958 2142 Λυκούργου
988 2098 1164 2140 Αἰσχύλου,
1201 2102 1288 2143 quod
1318 2101 1545 2136 Aristarchum
1582 2102 1751 2145 scripSiflse

303 2154 451 2187 scholion
481 2155 617 2187 Theocr.
647 2155 678 2186 X
710 2154 749 2186 18
779 2155 959 2195 (Duebner)
992 2156 1155 2195 testatur,
1194 2154 1382 2196 Lycurgiae
1411 2154 1568 2196 Aeschyli
1595 2155 1751 2198 trilogiae

302 2205 403 2247 (TGF
426 2216 457 2247 p.
480 2205 534 2247 22)
557 2209 777 2239 commentum
800 2206 913 2247 fuisse,
936 2206 985 2239 ita
1007 2209 1046 2239 ut
1067 2206 1128 2239 hoc
1149 2206 1219 2239 loco
1233 2205 1381 2249 Lycurgi
1403 2216 1469 2240 vox
1489 2216 1549 2248 pro
1563 2207 1750 2249 Lycurgiae

303 2258 463 2292 vocabulo
486 2258 709 2292 adhiberetur.
754 2258 847 2292 Nihil
869 2258 956 2292 enim
973 2259 1093 2301 obstat,
1117 2259 1198 2301 quin
1212 2258 1360 2302 Lycurgi
1374 2258 1513 2302 satyrici
1535 2259 1634 2302 (TGF
1649 2270 1681 2302 p.
1696 2259 1750 2303 40)

303 2313 524 2343 commentum
547 2311 589 2343 ab
608 2311 799 2344 Aristarcho
822 2311 1043 2353 conscriptum
1065 2312 1134 2344 illic
1155 2312 1284 2345 laudari
1306 2321 1506 2353 censeamus,
1529 2322 1614 2353 quae
1635 2313 1749 2347 fabula

303 2361 403 2394 etiam
426 2362 462 2394 in
484 2362 638 2404 catalogo
661 2362 801 2403 simplici
823 2362 955 2396 nomine
977 2364 1167 2404 Λυκοῦργος
1188 2363 1385 2405 appellatur.

408 2414 422 2432 ²
445 2414 748 2448 Commentationes
765 2414 1036 2457 archaeologicae
1057 2415 1093 2449 in
1108 2415 1318 2457 Aeschylum,
1341 2425 1427 2457 quse
1449 2415 1638 2450 dissertatio
1660 2416 1748 2450 inest

302 2465 337 2497 in
360 2465 656 2499 Dissertationibus
678 2466 888 2509 philologieis
911 2467 1111 2500 Halensibus
1132 2468 1228 2509 XIII,
1251 2477 1282 2508 p.
1300 2467 1369 2500 152.

408 2517 422 2536 ³
442 2518 755 2559 Doerpfeld-Reisch
781 2519 858 2551 Das
876 2518 1078 2561 yr·iechische
1104 2519 1244 2552 Tkeater
1266 2529 1296 2560 p.
1319 2519 1391 2553 219.

407 2569 421 2587 ⁴
445 2569 493 2602 cf.
517 2569 674 2603 Bethium
698 2570 719 2603 1.
742 2580 773 2610 p.
792 2570 813 2602 3
834 2571 855 2603 1.
880 2580 910 2612 p.
936 2570 1004 2603 139.
