1990 2959
305 149 330 189 4
902 148 1020 183 Ericus
1042 150 1162 183 Miiller

305 265 576 304 novorumque
604 255 767 295 deorum
795 253 1001 301 iudicium,
1029 266 1119 294 cum
1146 257 1190 295 et
1216 257 1446 304 quaeratur,
1478 256 1613 295 utrum
1642 256 1752 306 deus,

306 317 376 368 qui
403 319 572 358 matrem
600 315 715 358 caedi
740 315 917 367 iusserit,
945 317 1078 358 iustus
1105 317 1312 368 bonusque
1346 316 1402 358 sit
1437 329 1575 368 necne,
1610 320 1654 359 et
1680 329 1754 368 per

305 391 430 421 novos
460 381 555 420 deos
591 379 756 420 sublata
792 382 931 420 vetere
967 380 1201 430 crudelique
1233 380 1394 421 ratione
1429 381 1592 421 caedem
1628 381 1752 421 caede

305 447 347 483 et
373 440 613 493 sanguinem
640 441 837 493 sanguine
865 441 1055 492 expiandi
1081 442 1273 484 iudicium
1298 443 1349 483 de
1375 441 1607 493 parricidiis
1632 442 1751 484 insti-

304 508 455 545 tuatur.
511 505 740 554 Unicuique
767 507 916 555 autem,
944 505 1014 554 qui
1041 516 1120 545 non
1157 507 1247 545 sine
1274 505 1359 545 ulla
1385 504 1642 546 dubitatione
1667 508 1751 546 tra-

303 567 413 609 ditas
424 566 588 611 fabulas
602 567 770 619 accepit,
791 568 862 608 sed
877 568 927 608 de
941 579 1076 609 eorum
1091 571 1240 609 natura
1253 570 1374 618 atque
1392 566 1525 608 indole
1540 566 1751 619 cogitavit,

304 642 362 680 ea,
390 642 493 680 quae
520 632 571 670 de
599 630 771 670 Orestae
797 633 906 670 sorte
934 631 1216 679 tradebantur,
1241 631 1449 680 scrupulos
1475 629 1657 670 excitare
1683 631 1750 670 de-

303 693 468 744 bebant,
485 693 595 734 inter
614 705 712 743 quos
732 693 967 744 Aeschylus,
987 693 1064 734 etsi
1082 692 1283 734 interdum
1302 693 1351 734 de
1369 692 1571 744 Apollinis
1588 691 1752 734 iustitia

304 756 512 797 dubitavit
527 756 552 806 ¹,
579 756 729 796 maiore
748 768 848 805 erga
867 758 961 796 deos
979 756 1135 805 pietate
1154 759 1257 806 erat,
1284 768 1402 805 quam
1422 759 1469 796 ut
1494 768 1574 797 non
1601 767 1750 796 summo

303 818 437 859 studio
456 818 518 860 ita
536 818 692 868 priscas
706 818 867 858 fabulas
883 818 1087 868 explicare
1106 821 1332 869 conaretur,
1350 821 1397 859 ut
1411 819 1574 859 deorum
1587 818 1751 859 iustitia

304 887 347 921 et
373 882 565 922 maiestas
601 884 846 922 servaretur.
908 882 966 921 Et
993 881 1151 921 invenit
1187 881 1511 930 explicationem,
1546 892 1627 930 qua
1661 881 1749 930 ipse

304 947 518 985 contentus
544 955 634 984 esse
661 943 804 994 potuit,
831 955 919 984 cum
947 943 1128 984 homines
1149 944 1302 984 artiore
1328 943 1489 984 vinculo
1516 955 1604 984 cum
1632 946 1750 994 patre

303 1019 424 1056 quam
453 1019 541 1046 cum
568 1010 699 1047 matre
736 996 968 1052 coniunctos
1004 1017 1092 1046 esse
1128 1008 1433 1056 demonstraret,
1470 1006 1511 1045 id
1548 1008 1663 1056 quod,
1697 1017 1749 1046 ne

305 1070 492 1119 cuiquam
513 1068 677 1110 dubium
698 1072 818 1119 esset,
845 1068 1057 1109 Minervae
1076 1072 1168 1110 ortu
1187 1069 1439 1110 confirmavit
1457 1072 1511 1118 (v.
1529 1069 1750 1119 658-666,

305 1133 543 1183 735-740).
596 1133 696 1171 Tum
725 1136 861 1172 autem
890 1133 1111 1181 Areopago,
1152 1134 1260 1181 apud
1296 1144 1413 1181 quem
1441 1134 1492 1172 de
1525 1131 1749 1172 homicidiis

302 1199 505 1246 ageretur,
533 1194 694 1235 condito
722 1194 881 1245 Furiae,
908 1194 1054 1235 ferocis
1074 1195 1242 1235 ultionis
1262 1196 1372 1245 deae,
1400 1194 1641 1235 Eumenides
1660 1194 1749 1235 fieri

302 1262 427 1307 atque
456 1262 503 1298 ut
529 1257 706 1308 benigna
732 1257 898 1298 numina
917 1257 1043 1297 sacris
1071 1257 1271 1298 celebrari
1295 1262 1523 1308 coeperunt.
1578 1259 1628 1298 In
1653 1259 1748 1298 ludo

302 1321 432 1370 igitur
458 1331 573 1360 sacro
601 1321 695 1360 deos
723 1319 909 1359 adhiberi
946 1323 1057 1359 certe
1085 1321 1359 1370 cognoscimus
1397 1332 1447 1360 ex
1482 1321 1559 1360 hac
1595 1320 1747 1366 fabula,

304 1395 409 1433 quae
424 1382 629 1423 artissime
644 1393 733 1422 cum
748 1382 942 1432 religione
961 1382 1169 1431 cohaeret;
1190 1386 1314 1432 atque
1329 1382 1452 1423 etiam
1467 1383 1620 1423 maiore
1634 1394 1748 1423 sanc-

301 1446 423 1485 titate
442 1445 638 1485 imbuitur
664 1445 878 1495 tragoedia
902 1456 958 1494 e0‚
985 1446 1090 1494 quod
1117 1445 1196 1494 ipsi
1215 1445 1280 1485 dei
1298 1444 1341 1485 in
1359 1456 1519 1485 scenam
1538 1446 1747 1495 prodeunt.

408 1509 664 1558 Areopagum
692 1520 717 1548 a
745 1507 807 1548 dis
836 1507 1100 1548 constitutum
1137 1511 1179 1548 et
1206 1508 1392 1549 Orestam
1420 1509 1472 1549 ab
1500 1509 1574 1549 hoc
1599 1508 1747 1548 iudicio

303 1572 532 1611 absolutum
560 1582 649 1611 esse
685 1571 766 1610 iam
803 1574 899 1610 ante
936 1571 1181 1621 Aeschylum
1218 1571 1490 1612 Athenienses
1527 1571 1748 1612 credidisse

300 1634 522 1674 verisimile
549 1636 612 1674 est
627 1634 651 1684 2,
681 1634 906 1684 Aeschylus
933 1637 1069 1673 autem
1106 1633 1148 1672 in
1176 1633 1469 1674 Eumenidibus
1497 1646 1522 1673 a
1550 1634 1747 1684 Minerva,

301 1708 454 1737 summa
482 1697 733 1737 Athenarum
760 1697 849 1743 dea,
882 1696 924 1736 in
952 1696 1043 1746 ipsa
1071 1707 1193 1736 scena
1221 1697 1477 1747 Areopagum
1514 1695 1619 1737 facit
1656 1708 1747 1737 con-

300 1760 440 1810 ditum,
468 1771 637 1809 quocum
665 1760 818 1800 cultum
846 1759 1110 1799 Eumenidum
1149 1760 1201 1799 ab
1237 1761 1376 1799 eadem
1406 1761 1483 1800 dea
1510 1759 1744 1800 institutum

302 1822 522 1862 coniunxit.
577 1823 657 1862 Sed
684 1821 807 1862 etiam
838 1821 977 1862 foedus
1004 1822 1246 1872 Argivorum
1278 1824 1320 1862 et
1349 1822 1655 1862 Atheniensium
1683 1822 1746 1862 dis

303 1885 588 1934 praesentibus
617 1888 741 1933 atque
768 1884 1033 1933 probantibus
1059 1883 1215 1923 factum
1242 1883 1380 1924 fabula
1408 1885 1539 1924 adhuc
1565 1886 1747 1925 exstanti

300 1947 531 1997 praebetur,
567 1958 686 1996 quam
714 1946 757 1986 in
793 1958 876 1986 rem
905 1945 1135 1986 accuratius
1171 1945 1376 1995 inquirere
1411 1958 1511 1997 opus
1548 1949 1621 1998 est,
1657 1958 1746 1987 cum

300 2022 378 2050 non
408 2009 624 2060 defuerint,
652 2009 722 2059 qui
750 2021 902 2059 versus,
930 2009 1076 2058 quibus
1105 2010 1155 2049 de
1182 2010 1257 2049 hac
1285 2009 1479 2050 societate
1507 2010 1655 2060 agitur,
1691 2011 1743 2050 ab

410 2116 419 2134 ¹
445 2114 658 2147 Griechische
683 2113 871 2156 Traqodien
892 2113 1058 2146 ubersetzt
1086 2124 1113 2146 v.
1144 2114 1180 2147 U.
1205 2124 1232 2146 v.
1260 2113 1742 2156 Wilamowitz-Moellendorff,
1789 2140 1793 2142 μ

299 2166 418 2199 Berlin
442 2165 525 2199 1900
547 2166 582 2198 11
603 2166 724 2208 42sqq.

406 2216 419 2234 ¹
440 2218 518 2250 Alia
539 2218 667 2250 ratione
682 2221 783 2259 atque
799 2218 984 2259 Aeschylus
999 2217 1212 2259 fabulamque
1235 2217 1306 2251 eius
1320 2217 1496 2259 tragoedia
1517 2218 1743 2261 vetustiorem,

298 2274 338 2304 ut
366 2270 515 2312 videtur,
545 2270 651 2303 secuti
665 2270 892 2312 *Areopagum
922 2270 1116 2303 institutum
1147 2279 1218 2304 esse
1247 2273 1388 2303 narrant
1415 2269 1593 2312 Euripides
1621 2270 1743 2304 Electr.

301 2323 383 2355 1258
391 2333 460 2364 sqq.
483 2325 518 2356 et
535 2323 774 2356 Demosthenes
796 2326 910 2356 contra
931 2323 1089 2356 Aristocr.
1104 2323 1156 2365 66,
1179 2333 1246 2364 qua
1268 2324 1307 2356 de
1329 2332 1365 2355 re
1386 2322 1496 2356 fusius
1518 2322 1745 2357 disseruerunt

299 2374 463 2408 Henricus
485 2375 575 2408 Weil
596 2375 709 2409 Revue
735 2375 792 2408 des
818 2375 930 2409 &tudes
955 2375 1121 2417 Grecques
1142 2376 1159 2408 I
1183 2375 1291 2417 (1888)
1315 2375 1354 2408 14
1384 2378 1420 2408 et
1440 2375 1626 2409 Fridericus
1647 2376 1744 2410 Blass

298 2428 333 2460 in
361 2427 570 2469 praefatione
599 2428 753 2461 editionis
781 2427 1004 2461 Eumenidum
1033 2428 1153 2460 Berlin
1185 2427 1266 2460 1907
1295 2438 1326 2469 p.
1358 2428 1432 2469 lsq.
1489 2428 1600 2470 Ipsam
1630 2431 1742 2462 autem

297 2480 469 2513 Minervae
485 2479 677 2521 orationem,
693 2490 758 2521 qua
769 2481 857 2521 apud
872 2480 1073 2521 Aeschylum
1087 2480 1291 2513 sollemniter
1304 2490 1427 2513 novum
1439 2480 1597 2514 iudicium
1608 2481 1743 2514 institu-

297 2531 375 2574 itur,
397 2543 464 2566 non
486 2531 632 2574 spuriam
655 2541 727 2565 esse
756 2535 871 2565 contra
900 2542 948 2574 ea,
980 2542 1065 2573 quae
1087 2532 1227 2566 Dindori
1256 2535 1292 2566 et
1320 2533 1493 2566 Wecklein
1523 2533 1743 2575 protulerant,

298 2585 613 2618 demonstraverunt
635 2583 724 2617 Weil
746 2584 767 2616 l.
790 2584 811 2616 l.
835 2593 864 2624 p.
886 2584 925 2617 13
933 2594 1002 2625 sqq.
1025 2587 1059 2617 et
1081 2585 1175 2617 Blass
1197 2584 1232 2618 in
1255 2584 1401 2618 editione
1422 2595 1454 2626 p.
1477 2585 1538 2618 147
1547 2595 1616 2626 sqq.
