<?xml version="1.0" encoding="UTF-8"?>
<!DOCTYPE html PUBLIC "-//W3C//DTD XHTML 1.0 Transitional//EN"
    "http://www.w3.org/TR/xhtml1/DTD/xhtml1-transitional.dtd">
<html xmlns="http://www.w3.org/1999/xhtml" xml:lang="en" lang="en">
 <head>
  <title>
</title>
<meta http-equiv="Content-Type" content="text/html;charset=utf-8" />
  <meta name='ocr-system' content='tesseract 3.04.00' />
  <meta name='ocr-capabilities' content='ocr_page ocr_carea ocr_par ocr_line ocrx_word'/>
</head>
<body>
  <div class='ocr_page' id='page_1' title='image "4737905_0047.png"; bbox 0 0 1990 2959; ppageno 0'>
   <div class='ocr_carea' id='block_1_1' title="bbox 565 176 1694 219">
    <p class='ocr_par' dir='ltr' id='par_1_1' title="bbox 565 176 1694 219">
     <span class='ocr_line' id='line_1_1' title="bbox 565 176 1694 219; baseline 0.001 -10"><span class='ocrx_word' id='word_1_1' title='bbox 565 177 616 209; x_wconf 91' lang='lat' dir='ltr'><strong>De</strong></span> <span class='ocrx_word' id='word_1_2' title='bbox 638 176 835 210; x_wconf 76' lang='lat' dir='ltr'><strong>Graecorum</strong></span> <span class='ocrx_word' id='word_1_3' title='bbox 857 177 990 211; x_wconf 88' lang='lat' dir='ltr'><strong>deorum</strong></span> <span class='ocrx_word' id='word_1_4' title='bbox 1011 177 1161 219; x_wconf 78' lang='lat' dir='ltr'><strong>partibus</strong></span> <span class='ocrx_word' id='word_1_5' title='bbox 1183 177 1378 219; x_wconf 85' lang='lat' dir='ltr'><strong>Aeschyleis</strong></span> <span class='ocrx_word' id='word_1_6' title='bbox 1643 176 1694 216; x_wconf 83' lang='lat'><strong>37</strong></span> 
     </span>
    </p>
   </div>
   <div class='ocr_carea' id='block_1_2' title="bbox 253 280 1694 644">
    <p class='ocr_par' dir='ltr' id='par_1_2' title="bbox 253 280 1694 644">
     <span class='ocr_line' id='line_1_2' title="bbox 254 280 1694 333; baseline 0.001 -13"><span class='ocrx_word' id='word_1_7' title='bbox 254 282 473 330; x_wconf 89' lang='lat' dir='ltr'><strong>loquuntur</strong></span> <span class='ocrx_word' id='word_1_8' title='bbox 510 283 632 330; x_wconf 83' lang='lat' dir='ltr'><strong>atque</strong></span> <span class='ocrx_word' id='word_1_9' title='bbox 667 280 748 331; x_wconf 86' lang='lat' dir='ltr'><strong>ipsi</strong></span> <span class='ocrx_word' id='word_1_10' title='bbox 782 281 972 333; x_wconf 88' lang='lat' dir='ltr'><strong>homines,</strong></span> <span class='ocrx_word' id='word_1_11' title='bbox 1007 282 1051 322; x_wconf 92' lang='lat' dir='ltr'><strong>id</strong></span> <span class='ocrx_word' id='word_1_12' title='bbox 1086 283 1191 331; x_wconf 91' lang='lat' dir='ltr'><strong>quod</strong></span> <span class='ocrx_word' id='word_1_13' title='bbox 1227 282 1371 331; x_wconf 90' lang='lat' dir='ltr'><strong>quovis</strong></span> <span class='ocrx_word' id='word_1_14' title='bbox 1407 282 1591 331; x_wconf 86' lang='lat' dir='ltr'><strong>exemplo</strong></span> <span class='ocrx_word' id='word_1_15' title='bbox 1624 282 1694 321; x_wconf 81' lang='lat' dir='ltr'><strong>ad·</strong></span> 
     </span>
     <span class='ocr_line' id='line_1_3' title="bbox 253 342 1694 394; baseline 0.001 -12"><span class='ocrx_word' id='word_1_16' title='bbox 253 343 385 383; x_wconf 88' lang='lat' dir='ltr'><strong>hibito</strong></span> <span class='ocrx_word' id='word_1_17' title='bbox 410 342 531 383; x_wconf 85' lang='lat' dir='ltr'><strong>facile</strong></span> <span class='ocrx_word' id='word_1_18' title='bbox 550 343 715 384; x_wconf 88' lang='lat' dir='ltr'><strong>videbis.</strong></span> <span class='ocrx_word' id='word_1_19' title='bbox 768 344 816 384; x_wconf 93' lang='lat' dir='ltr'><strong>In</strong></span> <span class='ocrx_word' id='word_1_20' title='bbox 842 344 1063 394; x_wconf 84' lang='lat' dir='ltr'><strong>tragoediis</strong></span> <span class='ocrx_word' id='word_1_21' title='bbox 1083 348 1218 385; x_wconf 88' lang='lat' dir='ltr'><strong>autem</strong></span> <span class='ocrx_word' id='word_1_22' title='bbox 1237 344 1383 394; x_wconf 91' lang='lat' dir='ltr'><strong>prioris</strong></span> <span class='ocrx_word' id='word_1_23' title='bbox 1401 344 1513 384; x_wconf 89' lang='lat' dir='ltr'><strong>illius</strong></span> <span class='ocrx_word' id='word_1_24' title='bbox 1532 343 1694 394; x_wconf 82' lang='lat' dir='ltr'><strong>generis</strong></span> 
     </span>
     <span class='ocr_line' id='line_1_4' title="bbox 256 406 1693 456; baseline 0.001 -11"><span class='ocrx_word' id='word_1_25' title='bbox 256 406 418 446; x_wconf 87' lang='lat' dir='ltr'><strong>deorum</strong></span> <span class='ocrx_word' id='word_1_26' title='bbox 445 417 573 446; x_wconf 88' lang='lat' dir='ltr'><strong>sermo</strong></span> <span class='ocrx_word' id='word_1_27' title='bbox 609 406 733 447; x_wconf 87' lang='lat' dir='ltr'><strong>multo</strong></span> <span class='ocrx_word' id='word_1_28' title='bbox 769 406 977 448; x_wconf 86' lang='lat' dir='ltr'><strong>sublimior</strong></span> <span class='ocrx_word' id='word_1_29' title='bbox 1013 410 1056 447; x_wconf 89' lang='lat' dir='ltr'><strong>et</strong></span> <span class='ocrx_word' id='word_1_30' title='bbox 1090 407 1269 447; x_wconf 86' lang='lat' dir='ltr'><strong>sanctior</strong></span> <span class='ocrx_word' id='word_1_31' title='bbox 1295 410 1367 456; x_wconf 87' lang='lat' dir='ltr'><strong>est,</strong></span> <span class='ocrx_word' id='word_1_32' title='bbox 1404 406 1465 446; x_wconf 86' lang='lat' dir='ltr'><strong>ita</strong></span> <span class='ocrx_word' id='word_1_33' title='bbox 1500 410 1546 446; x_wconf 89' lang='lat' dir='ltr'><strong>ut</strong></span> <span class='ocrx_word' id='word_1_34' title='bbox 1582 406 1693 446; x_wconf 93' lang='lat' dir='ltr'><strong>nullo</strong></span> 
     </span>
     <span class='ocr_line' id='line_1_5' title="bbox 254 468 1693 511; baseline 0.001 -3"><span class='ocrx_word' id='word_1_35' title='bbox 254 468 500 509; x_wconf 88' lang='lat' dir='ltr'><strong>heroicorum</strong></span> <span class='ocrx_word' id='word_1_36' title='bbox 528 469 747 510; x_wconf 83' lang='lat' dir='ltr'><strong>carminum</strong></span> <span class='ocrx_word' id='word_1_37' title='bbox 774 470 859 510; x_wconf 91' lang='lat' dir='ltr'><strong>loco</strong></span> <span class='ocrx_word' id='word_1_38' title='bbox 879 471 995 510; x_wconf 90' lang='lat' dir='ltr'><strong>deum</strong></span> <span class='ocrx_word' id='word_1_39' title='bbox 1023 470 1079 510; x_wconf 89' lang='lat' dir='ltr'><strong>sis</strong></span> <span class='ocrx_word' id='word_1_40' title='bbox 1106 470 1345 511; x_wconf 81' lang='lat' dir='ltr'><strong>inventurus</strong></span> <span class='ocrx_word' id='word_1_41' title='bbox 1364 480 1410 509; x_wconf 91' lang='lat' dir='ltr'><strong>eo</strong></span> <span class='ocrx_word' id='word_1_42' title='bbox 1429 480 1537 510; x_wconf 89' lang='lat' dir='ltr'><strong>more</strong></span> <span class='ocrx_word' id='word_1_43' title='bbox 1564 469 1693 509; x_wconf 81' lang='lat' dir='ltr'><strong>verba</strong></span> 
     </span>
     <span class='ocr_line' id='line_1_6' title="bbox 254 530 1690 583; baseline 0 -12"><span class='ocrx_word' id='word_1_44' title='bbox 254 530 480 581; x_wconf 77' lang='lat' dir='ltr'><strong>facientem,</strong></span> <span class='ocrx_word' id='word_1_45' title='bbox 518 543 595 580; x_wconf 91' lang='lat' dir='ltr'><strong>quo</strong></span> <span class='ocrx_word' id='word_1_46' title='bbox 630 531 817 572; x_wconf 85' lang='lat' dir='ltr'><strong>Minerva</strong></span> <span class='ocrx_word' id='word_1_47' title='bbox 854 533 898 572; x_wconf 90' lang='lat' dir='ltr'><strong>in</strong></span> <span class='ocrx_word' id='word_1_48' title='bbox 929 533 1141 583; x_wconf 82' lang='lat' dir='ltr'><strong>Areopago</strong></span> <span class='ocrx_word' id='word_1_49' title='bbox 1177 532 1439 582; x_wconf 88' lang='lat' dir='ltr'><strong>instituendo,</strong></span> <span class='ocrx_word' id='word_1_50' title='bbox 1473 532 1611 572; x_wconf 90' lang='lat' dir='ltr'><strong>Venus</strong></span> <span class='ocrx_word' id='word_1_51' title='bbox 1648 532 1690 571; x_wconf 91' lang='lat' dir='ltr'><strong>in</strong></span> 
     </span>
     <span class='ocr_line' id='line_1_7' title="bbox 255 595 846 644; baseline 0 -10"><span class='ocrx_word' id='word_1_52' title='bbox 255 604 388 634; x_wconf 85' lang='lat' dir='ltr'><strong>amore</strong></span> <span class='ocrx_word' id='word_1_53' title='bbox 414 595 682 644; x_wconf 85' lang='lat' dir='ltr'><strong>praedicando</strong></span> <span class='ocrx_word' id='word_1_54' title='bbox 706 595 846 635; x_wconf 90' lang='lat' dir='ltr'><strong>utitur.</strong></span> 
     </span>
    </p>
   </div>
   <div class='ocr_carea' id='block_1_3' title="bbox 235 666 1695 2472">
    <p class='ocr_par' dir='ltr' id='par_1_3' title="bbox 235 666 1695 2472">
     <span class='ocr_line' id='line_1_8' title="bbox 357 666 1692 718; baseline -0.001 -11"><span class='ocrx_word' id='word_1_55' title='bbox 357 667 508 718; x_wconf 82' lang='lat' dir='ltr'><strong>Quodsi</strong></span> <span class='ocrx_word' id='word_1_56' title='bbox 535 670 577 707; x_wconf 90' lang='lat' dir='ltr'><strong>et</strong></span> <span class='ocrx_word' id='word_1_57' title='bbox 614 667 770 718; x_wconf 87' lang='lat' dir='ltr'><strong>agendo</strong></span> <span class='ocrx_word' id='word_1_58' title='bbox 805 670 849 708; x_wconf 92' lang='lat' dir='ltr'><strong>et</strong></span> <span class='ocrx_word' id='word_1_59' title='bbox 879 667 1075 717; x_wconf 88' lang='lat' dir='ltr'><strong>loquendo</strong></span> <span class='ocrx_word' id='word_1_60' title='bbox 1111 667 1176 707; x_wconf 91' lang='lat' dir='ltr'><strong>dei</strong></span> <span class='ocrx_word' id='word_1_61' title='bbox 1211 667 1511 717; x_wconf 85' lang='lat' dir='ltr'><strong>tragoediarum</strong></span> <span class='ocrx_word' id='word_1_62' title='bbox 1548 666 1692 716; x_wconf 87' lang='lat' dir='ltr'><strong>prioris</strong></span> 
     </span>
     <span class='ocr_line' id='line_1_9' title="bbox 253 728 1692 778; baseline -0.001 -10"><span class='ocrx_word' id='word_1_63' title='bbox 253 729 414 778; x_wconf 86' lang='lat' dir='ltr'><strong>generis</strong></span> <span class='ocrx_word' id='word_1_64' title='bbox 442 729 635 768; x_wconf 84' lang='lat' dir='ltr'><strong>differunt</strong></span> <span class='ocrx_word' id='word_1_65' title='bbox 653 741 678 768; x_wconf 86' lang='lat' dir='ltr'><strong>a</strong></span> <span class='ocrx_word' id='word_1_66' title='bbox 697 730 859 769; x_wconf 88' lang='lat' dir='ltr'><strong>deorum</strong></span> <span class='ocrx_word' id='word_1_67' title='bbox 877 728 920 768; x_wconf 94' lang='lat' dir='ltr'><strong>in</strong></span> <span class='ocrx_word' id='word_1_68' title='bbox 939 729 1182 768; x_wconf 85' lang='lat' dir='ltr'><strong>carminibus</strong></span> <span class='ocrx_word' id='word_1_69' title='bbox 1210 729 1382 767; x_wconf 86' lang='lat' dir='ltr'><strong>heroicis</strong></span> <span class='ocrx_word' id='word_1_70' title='bbox 1409 729 1692 776; x_wconf 85' lang='lat' dir='ltr'><strong>apparentium</strong></span> 
     </span>
     <span class='ocr_line' id='line_1_10' title="bbox 253 789 1692 841; baseline -0.001 -10"><span class='ocrx_word' id='word_1_71' title='bbox 253 802 373 841; x_wconf 87' lang='lat' dir='ltr'><strong>more,</strong></span> <span class='ocrx_word' id='word_1_72' title='bbox 397 790 588 841; x_wconf 90' lang='lat' dir='ltr'><strong>sequitur,</strong></span> <span class='ocrx_word' id='word_1_73' title='bbox 617 794 663 831; x_wconf 87' lang='lat' dir='ltr'><strong>ut</strong></span> <span class='ocrx_word' id='word_1_74' title='bbox 689 790 913 841; x_wconf 85' lang='lat' dir='ltr'><strong>Aeschylus</strong></span> <span class='ocrx_word' id='word_1_75' title='bbox 949 790 992 830; x_wconf 92' lang='lat' dir='ltr'><strong>in</strong></span> <span class='ocrx_word' id='word_1_76' title='bbox 1019 789 1106 830; x_wconf 90' lang='lat' dir='ltr'><strong>deis</strong></span> <span class='ocrx_word' id='word_1_77' title='bbox 1133 789 1218 829; x_wconf 88' lang='lat' dir='ltr'><strong>illis</strong></span> <span class='ocrx_word' id='word_1_78' title='bbox 1247 789 1486 830; x_wconf 87' lang='lat' dir='ltr'><strong>adhibendis</strong></span> <span class='ocrx_word' id='word_1_79' title='bbox 1513 790 1692 839; x_wconf 87' lang='lat' dir='ltr'><strong>exemplo</strong></span> 
     </span>
     <span class='ocr_line' id='line_1_11' title="bbox 251 851 1694 902; baseline -0.001 -10"><span class='ocrx_word' id='word_1_80' title='bbox 251 852 410 892; x_wconf 88' lang='lat' dir='ltr'><strong>illorum</strong></span> <span class='ocrx_word' id='word_1_81' title='bbox 437 856 665 902; x_wconf 89' lang='lat' dir='ltr'><strong>poematum</strong></span> <span class='ocrx_word' id='word_1_82' title='bbox 692 864 787 892; x_wconf 89' lang='lat' dir='ltr'><strong>usus</strong></span> <span class='ocrx_word' id='word_1_83' title='bbox 812 863 891 891; x_wconf 90' lang='lat' dir='ltr'><strong>non</strong></span> <span class='ocrx_word' id='word_1_84' title='bbox 916 853 982 891; x_wconf 83' lang='lat' dir='ltr'><strong>sit.</strong></span> <span class='ocrx_word' id='word_1_85' title='bbox 1036 851 1176 891; x_wconf 88' lang='lat' dir='ltr'><strong>Facile</strong></span> <span class='ocrx_word' id='word_1_86' title='bbox 1203 855 1339 891; x_wconf 89' lang='lat' dir='ltr'><strong>autem</strong></span> <span class='ocrx_word' id='word_1_87' title='bbox 1374 851 1554 891; x_wconf 89' lang='lat' dir='ltr'><strong>videmus</strong></span> <span class='ocrx_word' id='word_1_88' title='bbox 1589 852 1694 890; x_wconf 84' lang='lat' dir='ltr'><strong>hanc</strong></span> 
     </span>
     <span class='ocr_line' id='line_1_12' title="bbox 253 913 1694 965; baseline -0.001 -10"><span class='ocrx_word' id='word_1_89' title='bbox 253 915 348 955; x_wconf 86' lang='lat' dir='ltr'><strong>deos</strong></span> <span class='ocrx_word' id='word_1_90' title='bbox 374 914 652 955; x_wconf 88' lang='lat' dir='ltr'><strong>introducendi</strong></span> <span class='ocrx_word' id='word_1_91' title='bbox 675 915 873 955; x_wconf 84' lang='lat' dir='ltr'><strong>rationem</strong></span> <span class='ocrx_word' id='word_1_92' title='bbox 901 925 991 955; x_wconf 91' lang='lat' dir='ltr'><strong>cum</strong></span> <span class='ocrx_word' id='word_1_93' title='bbox 1025 913 1222 965; x_wconf 86' lang='lat' dir='ltr'><strong>religione</strong></span> <span class='ocrx_word' id='word_1_94' title='bbox 1254 913 1535 954; x_wconf 87' lang='lat' dir='ltr'><strong>cohaerentem</strong></span> <span class='ocrx_word' id='word_1_95' title='bbox 1563 916 1606 954; x_wconf 91' lang='lat' dir='ltr'><strong>et</strong></span> <span class='ocrx_word' id='word_1_96' title='bbox 1632 925 1694 954; x_wconf 86' lang='lat' dir='ltr'><strong>re-</strong></span> 
     </span>
     <span class='ocr_line' id='line_1_13' title="bbox 251 976 1695 1029; baseline -0.001 -11"><span class='ocrx_word' id='word_1_97' title='bbox 251 977 396 1029; x_wconf 85' lang='lat' dir='ltr'><strong>ligioni</strong></span> <span class='ocrx_word' id='word_1_98' title='bbox 421 977 706 1018; x_wconf 85' lang='lat' dir='ltr'><strong>inservientem</strong></span> <span class='ocrx_word' id='word_1_99' title='bbox 732 988 781 1017; x_wconf 86' lang='lat' dir='ltr'><strong>ea</strong></span> <span class='ocrx_word' id='word_1_100' title='bbox 800 978 849 1017; x_wconf 90' lang='lat' dir='ltr'><strong>de</strong></span> <span class='ocrx_word' id='word_1_101' title='bbox 877 987 1003 1017; x_wconf 88' lang='lat' dir='ltr'><strong>causa</strong></span> <span class='ocrx_word' id='word_1_102' title='bbox 1029 976 1073 1016; x_wconf 90' lang='lat' dir='ltr'><strong>in</strong></span> <span class='ocrx_word' id='word_1_103' title='bbox 1099 976 1324 1027; x_wconf 87' lang='lat' dir='ltr'><strong>tragoediis</strong></span> <span class='ocrx_word' id='word_1_104' title='bbox 1351 987 1440 1017; x_wconf 87' lang='lat' dir='ltr'><strong>esse</strong></span> <span class='ocrx_word' id='word_1_105' title='bbox 1459 976 1695 1026; x_wconf 86' lang='lat' dir='ltr'><strong>adhibitam,</strong></span> 
     </span>
     <span class='ocr_line' id='line_1_14' title="bbox 252 1039 1694 1090; baseline -0.001 -9"><span class='ocrx_word' id='word_1_106' title='bbox 252 1042 356 1090; x_wconf 89' lang='lat' dir='ltr'><strong>quod</strong></span> <span class='ocrx_word' id='word_1_107' title='bbox 382 1041 474 1090; x_wconf 87' lang='lat' dir='ltr'><strong>ipsa</strong></span> <span class='ocrx_word' id='word_1_108' title='bbox 499 1040 712 1090; x_wconf 85' lang='lat' dir='ltr'><strong>tragoedia</strong></span> <span class='ocrx_word' id='word_1_109' title='bbox 738 1051 854 1081; x_wconf 86' lang='lat' dir='ltr'><strong>sacer</strong></span> <span class='ocrx_word' id='word_1_110' title='bbox 871 1040 990 1081; x_wconf 88' lang='lat' dir='ltr'><strong>ludus</strong></span> <span class='ocrx_word' id='word_1_111' title='bbox 1017 1043 1117 1090; x_wconf 87' lang='lat' dir='ltr'><strong>erat,</strong></span> <span class='ocrx_word' id='word_1_112' title='bbox 1141 1040 1298 1090; x_wconf 81' lang='lat' dir='ltr'><strong>&#39;quippe</strong></span> <span class='ocrx_word' id='word_1_113' title='bbox 1326 1051 1430 1090; x_wconf 88' lang='lat' dir='ltr'><strong>quae</strong></span> <span class='ocrx_word' id='word_1_114' title='bbox 1457 1051 1507 1080; x_wconf 89' lang='lat' dir='ltr'><strong>ex</strong></span> <span class='ocrx_word' id='word_1_115' title='bbox 1534 1039 1694 1090; x_wconf 89' lang='lat' dir='ltr'><strong>hymnis</strong></span> 
     </span>
     <span class='ocr_line' id='line_1_15' title="bbox 251 1103 1694 1152; baseline 0.001 -10"><span class='ocrx_word' id='word_1_116' title='bbox 251 1103 295 1143; x_wconf 92' lang='lat' dir='ltr'><strong>in</strong></span> <span class='ocrx_word' id='word_1_117' title='bbox 325 1104 513 1143; x_wconf 88' lang='lat' dir='ltr'><strong>honorem</strong></span> <span class='ocrx_word' id='word_1_118' title='bbox 539 1103 680 1143; x_wconf 87' lang='lat' dir='ltr'><strong>Liberi</strong></span> <span class='ocrx_word' id='word_1_119' title='bbox 706 1103 837 1152; x_wconf 90' lang='lat' dir='ltr'><strong>patris</strong></span> <span class='ocrx_word' id='word_1_120' title='bbox 864 1103 1043 1143; x_wconf 87' lang='lat' dir='ltr'><strong>cantatis</strong></span> <span class='ocrx_word' id='word_1_121' title='bbox 1070 1107 1211 1143; x_wconf 86' lang='lat' dir='ltr'><strong>exorta</strong></span> <span class='ocrx_word' id='word_1_122' title='bbox 1239 1108 1283 1143; x_wconf 91' lang='lat' dir='ltr'><strong>ut</strong></span> <span class='ocrx_word' id='word_1_123' title='bbox 1310 1103 1442 1143; x_wconf 86' lang='lat' dir='ltr'><strong>cultus</strong></span> <span class='ocrx_word' id='word_1_124' title='bbox 1470 1114 1566 1152; x_wconf 88' lang='lat' dir='ltr'><strong>pars</strong></span> <span class='ocrx_word' id='word_1_125' title='bbox 1599 1114 1694 1152; x_wconf 86' lang='lat' dir='ltr'><strong>age-</strong></span> 
     </span>
     <span class='ocr_line' id='line_1_16' title="bbox 251 1165 1694 1217; baseline -0.001 -11"><span class='ocrx_word' id='word_1_126' title='bbox 251 1168 376 1207; x_wconf 89' lang='lat' dir='ltr'><strong>retur.</strong></span> <span class='ocrx_word' id='word_1_127' title='bbox 437 1166 524 1206; x_wconf 92' lang='lat' dir='ltr'><strong>Hoc</strong></span> <span class='ocrx_word' id='word_1_128' title='bbox 559 1166 602 1206; x_wconf 91' lang='lat' dir='ltr'><strong>in</strong></span> <span class='ocrx_word' id='word_1_129' title='bbox 637 1166 731 1206; x_wconf 90' lang='lat' dir='ltr'><strong>ludo</strong></span> <span class='ocrx_word' id='word_1_130' title='bbox 767 1177 895 1217; x_wconf 89' lang='lat' dir='ltr'><strong>sacro,</strong></span> <span class='ocrx_word' id='word_1_131' title='bbox 930 1177 1007 1216; x_wconf 90' lang='lat' dir='ltr'><strong>quo</strong></span> <span class='ocrx_word' id='word_1_132' title='bbox 1043 1167 1207 1207; x_wconf 90' lang='lat' dir='ltr'><strong>deorum</strong></span> <span class='ocrx_word' id='word_1_133' title='bbox 1243 1165 1373 1217; x_wconf 88' lang='lat' dir='ltr'><strong>gloria</strong></span> <span class='ocrx_word' id='word_1_134' title='bbox 1400 1166 1694 1216; x_wconf 81' lang='lat' dir='ltr'><strong>celebrabatur,</strong></span> 
     </span>
     <span class='ocr_line' id='line_1_17' title="bbox 252 1229 1694 1279; baseline -0.001 -10"><span class='ocrx_word' id='word_1_135' title='bbox 252 1229 289 1269; x_wconf 88' lang='lat' dir='ltr'><strong>si</strong></span> <span class='ocrx_word' id='word_1_136' title='bbox 325 1229 415 1278; x_wconf 91' lang='lat' dir='ltr'><strong>quis</strong></span> <span class='ocrx_word' id='word_1_137' title='bbox 451 1231 549 1269; x_wconf 89' lang='lat' dir='ltr'><strong>deus</strong></span> <span class='ocrx_word' id='word_1_138' title='bbox 585 1230 629 1269; x_wconf 89' lang='lat' dir='ltr'><strong>in</strong></span> <span class='ocrx_word' id='word_1_139' title='bbox 664 1241 823 1270; x_wconf 83' lang='lat' dir='ltr'><strong>scenam</strong></span> <span class='ocrx_word' id='word_1_140' title='bbox 861 1231 1168 1279; x_wconf 85' lang='lat' dir='ltr'><strong>producebatur,</strong></span> <span class='ocrx_word' id='word_1_141' title='bbox 1207 1241 1257 1269; x_wconf 87' lang='lat' dir='ltr'><strong>ex</strong></span> <span class='ocrx_word' id='word_1_142' title='bbox 1293 1230 1385 1279; x_wconf 84' lang='lat' dir='ltr'><strong>ipsa</strong></span> <span class='ocrx_word' id='word_1_143' title='bbox 1421 1230 1508 1269; x_wconf 91' lang='lat' dir='ltr'><strong>ludi</strong></span> <span class='ocrx_word' id='word_1_144' title='bbox 1544 1235 1694 1269; x_wconf 88' lang='lat' dir='ltr'><strong>natura</strong></span> 
     </span>
     <span class='ocr_line' id='line_1_18' title="bbox 251 1290 1693 1343; baseline -0.001 -11"><span class='ocrx_word' id='word_1_145' title='bbox 251 1292 301 1332; x_wconf 90' lang='lat' dir='ltr'><strong>de</strong></span> <span class='ocrx_word' id='word_1_146' title='bbox 341 1292 463 1332; x_wconf 91' lang='lat' dir='ltr'><strong>rebus</strong></span> <span class='ocrx_word' id='word_1_147' title='bbox 499 1291 700 1343; x_wconf 88' lang='lat' dir='ltr'><strong>religiosis</strong></span> <span class='ocrx_word' id='word_1_148' title='bbox 740 1292 868 1333; x_wconf 88' lang='lat' dir='ltr'><strong>verba</strong></span> <span class='ocrx_word' id='word_1_149' title='bbox 903 1291 1001 1332; x_wconf 86' lang='lat' dir='ltr'><strong>fecit</strong></span> <span class='ocrx_word' id='word_1_150' title='bbox 1037 1294 1080 1332; x_wconf 92' lang='lat' dir='ltr'><strong>et</strong></span> <span class='ocrx_word' id='word_1_151' title='bbox 1123 1303 1172 1332; x_wconf 86' lang='lat' dir='ltr'><strong>ea</strong></span> <span class='ocrx_word' id='word_1_152' title='bbox 1207 1291 1402 1332; x_wconf 90' lang='lat' dir='ltr'><strong>sermonis</strong></span> <span class='ocrx_word' id='word_1_153' title='bbox 1442 1290 1693 1331; x_wconf 85' lang='lat' dir='ltr'><strong>sublimitate</strong></span> 
     </span>
     <span class='ocr_line' id='line_1_19' title="bbox 235 1355 1691 1409; baseline -0.001 -14"><span class='ocrx_word' id='word_1_154' title='bbox 235 1367 347 1409; x_wconf 24' lang='lat' dir='ltr'><strong>&#39;usus</strong></span> <span class='ocrx_word' id='word_1_155' title='bbox 383 1359 457 1405; x_wconf 89' lang='lat' dir='ltr'><strong>est,</strong></span> <span class='ocrx_word' id='word_1_156' title='bbox 493 1367 596 1404; x_wconf 85' lang='lat' dir='ltr'><strong>quae</strong></span> <span class='ocrx_word' id='word_1_157' title='bbox 629 1357 745 1396; x_wconf 90' lang='lat' dir='ltr'><strong>deum</strong></span> <span class='ocrx_word' id='word_1_158' title='bbox 782 1356 834 1395; x_wconf 89' lang='lat' dir='ltr'><strong>ab</strong></span> <span class='ocrx_word' id='word_1_159' title='bbox 873 1355 1097 1395; x_wconf 90' lang='lat' dir='ltr'><strong>hominibus</strong></span> <span class='ocrx_word' id='word_1_160' title='bbox 1134 1356 1284 1395; x_wconf 87' lang='lat' dir='ltr'><strong>cultum</strong></span> <span class='ocrx_word' id='word_1_161' title='bbox 1322 1357 1504 1395; x_wconf 85' lang='lat' dir='ltr'><strong>decebat.</strong></span> <span class='ocrx_word' id='word_1_162' title='bbox 1557 1355 1691 1403; x_wconf 90' lang='lat' dir='ltr'><strong>Atque</strong></span> 
     </span>
     <span class='ocr_line' id='line_1_20' title="bbox 250 1417 1692 1467; baseline -0.001 -9"><span class='ocrx_word' id='word_1_163' title='bbox 250 1417 332 1458; x_wconf 85' lang='lat' dir='ltr'><strong>iam</strong></span> <span class='ocrx_word' id='word_1_164' title='bbox 371 1421 495 1458; x_wconf 88' lang='lat' dir='ltr'><strong>antea</strong></span> <span class='ocrx_word' id='word_1_165' title='bbox 536 1430 572 1467; x_wconf 90' lang='lat' dir='ltr'><strong>p.</strong></span> <span class='ocrx_word' id='word_1_166' title='bbox 610 1419 634 1458; x_wconf 89' lang='lat'><em>8</em></span> <span class='ocrx_word' id='word_1_167' title='bbox 679 1417 852 1458; x_wconf 90' lang='lat' dir='ltr'><strong>vidimus</strong></span> <span class='ocrx_word' id='word_1_168' title='bbox 896 1429 975 1458; x_wconf 91' lang='lat' dir='ltr'><strong>non</strong></span> <span class='ocrx_word' id='word_1_169' title='bbox 1016 1419 1129 1458; x_wconf 92' lang='lat' dir='ltr'><strong>modo</strong></span> <span class='ocrx_word' id='word_1_170' title='bbox 1166 1417 1247 1459; x_wconf 87' lang='lat' dir='ltr'><strong>vim</strong></span> <span class='ocrx_word' id='word_1_171' title='bbox 1279 1420 1403 1467; x_wconf 86' lang='lat' dir='ltr'><strong>atque</strong></span> <span class='ocrx_word' id='word_1_172' title='bbox 1438 1417 1692 1457; x_wconf 84' lang='lat' dir='ltr'><strong>maiestatem</strong></span> 
     </span>
     <span class='ocr_line' id='line_1_21' title="bbox 251 1480 1691 1531; baseline -0.001 -11"><span class='ocrx_word' id='word_1_173' title='bbox 251 1482 414 1521; x_wconf 85' lang='lat' dir='ltr'><strong>deorum</strong></span> <span class='ocrx_word' id='word_1_174' title='bbox 442 1483 484 1520; x_wconf 92' lang='lat' dir='ltr'><strong>et</strong></span> <span class='ocrx_word' id='word_1_175' title='bbox 502 1481 545 1520; x_wconf 93' lang='lat' dir='ltr'><strong>in</strong></span> <span class='ocrx_word' id='word_1_176' title='bbox 571 1481 730 1530; x_wconf 86' lang='lat' dir='ltr'><strong>hymnis</strong></span> <span class='ocrx_word' id='word_1_177' title='bbox 758 1484 801 1521; x_wconf 90' lang='lat' dir='ltr'><strong>et</strong></span> <span class='ocrx_word' id='word_1_178' title='bbox 817 1482 860 1521; x_wconf 94' lang='lat' dir='ltr'><strong>in</strong></span> <span class='ocrx_word' id='word_1_179' title='bbox 879 1480 1102 1531; x_wconf 85' lang='lat' dir='ltr'><strong>tragoediis</strong></span> <span class='ocrx_word' id='word_1_180' title='bbox 1121 1481 1348 1521; x_wconf 87' lang='lat' dir='ltr'><strong>celebratas</strong></span> <span class='ocrx_word' id='word_1_181' title='bbox 1367 1492 1456 1520; x_wconf 91' lang='lat' dir='ltr'><strong>esse</strong></span> <span class='ocrx_word' id='word_1_182' title='bbox 1475 1482 1547 1520; x_wconf 87' lang='lat' dir='ltr'><strong>sed</strong></span> <span class='ocrx_word' id='word_1_183' title='bbox 1566 1480 1691 1520; x_wconf 86' lang='lat' dir='ltr'><strong>etiam</strong></span> 
     </span>
     <span class='ocr_line' id='line_1_22' title="bbox 252 1542 1691 1593; baseline -0.001 -11"><span class='ocrx_word' id='word_1_184' title='bbox 252 1554 312 1593; x_wconf 87' lang='lat' dir='ltr'><strong>ea,</strong></span> <span class='ocrx_word' id='word_1_185' title='bbox 339 1554 442 1592; x_wconf 86' lang='lat' dir='ltr'><strong>quae</strong></span> <span class='ocrx_word' id='word_1_186' title='bbox 470 1543 531 1583; x_wconf 92' lang='lat' dir='ltr'><strong>dis</strong></span> <span class='ocrx_word' id='word_1_187' title='bbox 559 1543 790 1583; x_wconf 85' lang='lat' dir='ltr'><strong>auctoribus</strong></span> <span class='ocrx_word' id='word_1_188' title='bbox 816 1543 926 1583; x_wconf 90' lang='lat' dir='ltr'><strong>inter</strong></span> <span class='ocrx_word' id='word_1_189' title='bbox 952 1543 1132 1582; x_wconf 90' lang='lat' dir='ltr'><strong>homines</strong></span> <span class='ocrx_word' id='word_1_190' title='bbox 1167 1542 1361 1582; x_wconf 87' lang='lat' dir='ltr'><strong>instituta</strong></span> <span class='ocrx_word' id='word_1_191' title='bbox 1388 1546 1515 1583; x_wconf 89' lang='lat' dir='ltr'><strong>erant.</strong></span> <span class='ocrx_word' id='word_1_192' title='bbox 1578 1542 1691 1593; x_wconf 86' lang='lat' dir='ltr'><strong>Ergo</strong></span> 
     </span>
     <span class='ocr_line' id='line_1_23' title="bbox 251 1603 1691 1655; baseline 0.001 -12"><span class='ocrx_word' id='word_1_193' title='bbox 251 1603 360 1643; x_wconf 75' lang='grc' dir='ltr'><strong><em>α’ίτια</em></strong></span> <span class='ocrx_word' id='word_1_194' title='bbox 387 1605 461 1645; x_wconf 86' lang='lat' dir='ltr'><strong>illa</strong></span> <span class='ocrx_word' id='word_1_195' title='bbox 488 1617 539 1645; x_wconf 85' lang='lat' dir='ltr'><strong>ex</strong></span> <span class='ocrx_word' id='word_1_196' title='bbox 560 1605 651 1655; x_wconf 89' lang='lat' dir='ltr'><strong>ipsa</strong></span> <span class='ocrx_word' id='word_1_197' title='bbox 676 1605 762 1645; x_wconf 89' lang='lat' dir='ltr'><strong>ludi</strong></span> <span class='ocrx_word' id='word_1_198' title='bbox 788 1606 894 1645; x_wconf 78' lang='lat' dir='ltr'><strong>sacri</strong></span> <span class='ocrx_word' id='word_1_199' title='bbox 920 1605 1057 1645; x_wconf 92' lang='lat' dir='ltr'><strong>indole</strong></span> <span class='ocrx_word' id='word_1_200' title='bbox 1084 1617 1171 1645; x_wconf 91' lang='lat' dir='ltr'><strong>cum</strong></span> <span class='ocrx_word' id='word_1_201' title='bbox 1200 1606 1362 1645; x_wconf 88' lang='lat' dir='ltr'><strong>deorum</strong></span> <span class='ocrx_word' id='word_1_202' title='bbox 1389 1604 1691 1645; x_wconf 89' lang='lat' dir='ltr'><strong>introductione</strong></span> 
     </span>
     <span class='ocr_line' id='line_1_24' title="bbox 251 1666 1692 1718; baseline -0.001 -10"><span class='ocrx_word' id='word_1_203' title='bbox 251 1669 478 1718; x_wconf 82' lang='lat' dir='ltr'><strong>cohaerent,</strong></span> <span class='ocrx_word' id='word_1_204' title='bbox 505 1671 627 1718; x_wconf 88' lang='lat' dir='ltr'><strong>atque</strong></span> <span class='ocrx_word' id='word_1_205' title='bbox 655 1669 790 1709; x_wconf 87' lang='lat' dir='ltr'><strong>eadem</strong></span> <span class='ocrx_word' id='word_1_206' title='bbox 820 1668 950 1709; x_wconf 86' lang='lat' dir='ltr'><strong>allata</strong></span> <span class='ocrx_word' id='word_1_207' title='bbox 975 1668 1202 1709; x_wconf 88' lang='lat' dir='ltr'><strong>invenimus</strong></span> <span class='ocrx_word' id='word_1_208' title='bbox 1230 1667 1274 1708; x_wconf 93' lang='lat' dir='ltr'><strong>in</strong></span> <span class='ocrx_word' id='word_1_209' title='bbox 1292 1667 1537 1708; x_wconf 88' lang='lat' dir='ltr'><strong>carminibus</strong></span> <span class='ocrx_word' id='word_1_210' title='bbox 1565 1666 1692 1717; x_wconf 87' lang='lat' dir='ltr'><strong>epicis</strong></span> 
     </span>
     <span class='ocr_line' id='line_1_25' title="bbox 248 1730 1693 1782; baseline -0.001 -11"><span class='ocrx_word' id='word_1_211' title='bbox 248 1743 314 1772; x_wconf 89' lang='lat' dir='ltr'><strong>res</strong></span> <span class='ocrx_word' id='word_1_212' title='bbox 341 1731 502 1772; x_wconf 82' lang='lat' dir='ltr'><strong>divinas</strong></span> <span class='ocrx_word' id='word_1_213' title='bbox 529 1731 828 1772; x_wconf 85' lang='lat' dir='ltr'><strong>contineutibus</strong></span> <span class='ocrx_word' id='word_1_214' title='bbox 856 1732 972 1773; x_wconf 89' lang='lat' dir='ltr'><strong>velut</strong></span> <span class='ocrx_word' id='word_1_215' title='bbox 1007 1732 1051 1771; x_wconf 93' lang='lat' dir='ltr'><strong>in</strong></span> <span class='ocrx_word' id='word_1_216' title='bbox 1079 1731 1312 1782; x_wconf 85' lang='lat' dir='ltr'><strong>Theogonia</strong></span> <span class='ocrx_word' id='word_1_217' title='bbox 1340 1731 1508 1771; x_wconf 85' lang='lat' dir='ltr'><strong>Hesiodi</strong></span> <span class='ocrx_word' id='word_1_218' title='bbox 1521 1731 1537 1753; x_wconf 83' lang='lat'>¹</span> <span class='ocrx_word' id='word_1_219' title='bbox 1572 1734 1615 1771; x_wconf 91' lang='lat' dir='ltr'><strong>et</strong></span> <span class='ocrx_word' id='word_1_220' title='bbox 1650 1730 1693 1770; x_wconf 90' lang='lat' dir='ltr'><strong>in</strong></span> 
     </span>
     <span class='ocr_line' id='line_1_26' title="bbox 249 1793 1693 1846; baseline -0.001 -12"><span class='ocrx_word' id='word_1_221' title='bbox 249 1793 408 1845; x_wconf 88' lang='lat' dir='ltr'><strong>hymnis</strong></span> <span class='ocrx_word' id='word_1_222' title='bbox 435 1794 660 1835; x_wconf 89' lang='lat' dir='ltr'><strong>Homericis</strong></span> <span class='ocrx_word' id='word_1_223' title='bbox 695 1794 761 1846; x_wconf 86' lang='lat' dir='ltr'><strong>(cf.</strong></span> <span class='ocrx_word' id='word_1_224' title='bbox 787 1806 910 1845; x_wconf 86' lang='lat' dir='ltr'><strong>supra</strong></span> <span class='ocrx_word' id='word_1_225' title='bbox 937 1807 973 1844; x_wconf 89' lang='lat' dir='ltr'><strong>p.</strong></span> <span class='ocrx_word' id='word_1_226' title='bbox 1000 1795 1060 1846; x_wconf 89' lang='grc'><strong>8),</strong></span> <span class='ocrx_word' id='word_1_227' title='bbox 1093 1795 1312 1844; x_wconf 84' lang='lat' dir='ltr'><strong>eademque</strong></span> <span class='ocrx_word' id='word_1_228' title='bbox 1349 1797 1460 1835; x_wconf 89' lang='lat' dir='ltr'><strong>certe</strong></span> <span class='ocrx_word' id='word_1_229' title='bbox 1500 1793 1623 1834; x_wconf 88' lang='lat' dir='ltr'><strong>etiam</strong></span> <span class='ocrx_word' id='word_1_230' title='bbox 1651 1793 1693 1833; x_wconf 88' lang='lat' dir='ltr'><strong>in</strong></span> 
     </span>
     <span class='ocr_line' id='line_1_27' title="bbox 248 1856 1693 1907; baseline -0.001 -10"><span class='ocrx_word' id='word_1_231' title='bbox 248 1856 401 1898; x_wconf 85' lang='lat' dir='ltr'><strong>fabulis</strong></span> <span class='ocrx_word' id='word_1_232' title='bbox 427 1857 509 1897; x_wconf 90' lang='lat' dir='ltr'><strong>illis</strong></span> <span class='ocrx_word' id='word_1_233' title='bbox 536 1857 664 1898; x_wconf 88' lang='lat' dir='ltr'><strong>sacris</strong></span> <span class='ocrx_word' id='word_1_234' title='bbox 693 1870 718 1898; x_wconf 87' lang='lat' dir='ltr'><strong>a</strong></span> <span class='ocrx_word' id='word_1_235' title='bbox 745 1858 891 1907; x_wconf 90' lang='lat' dir='ltr'><strong>populo</strong></span> <span class='ocrx_word' id='word_1_236' title='bbox 917 1860 960 1898; x_wconf 92' lang='lat' dir='ltr'><strong>et</strong></span> <span class='ocrx_word' id='word_1_237' title='bbox 978 1869 1004 1897; x_wconf 89' lang='lat' dir='ltr'><strong>a</strong></span> <span class='ocrx_word' id='word_1_238' title='bbox 1021 1858 1300 1899; x_wconf 88' lang='lat' dir='ltr'><strong>sacerdotibus</strong></span> <span class='ocrx_word' id='word_1_239' title='bbox 1327 1857 1494 1898; x_wconf 86' lang='lat' dir='ltr'><strong>traditis</strong></span> <span class='ocrx_word' id='word_1_240' title='bbox 1520 1856 1693 1906; x_wconf 83' lang='lat' dir='ltr'><strong>inerant,</strong></span> 
     </span>
     <span class='ocr_line' id='line_1_28' title="bbox 249 1918 1694 1970; baseline -0.002 -9"><span class='ocrx_word' id='word_1_241' title='bbox 249 1920 364 1961; x_wconf 84' lang='lat' dir='ltr'><strong>velut</strong></span> <span class='ocrx_word' id='word_1_242' title='bbox 399 1920 617 1970; x_wconf 88' lang='lat' dir='ltr'><strong>Euripides</strong></span> <span class='ocrx_word' id='word_1_243' title='bbox 654 1932 810 1970; x_wconf 89' lang='lat' dir='ltr'><strong>quoque</strong></span> <span class='ocrx_word' id='word_1_244' title='bbox 844 1921 889 1960; x_wconf 91' lang='lat' dir='ltr'><strong>in</strong></span> <span class='ocrx_word' id='word_1_245' title='bbox 925 1920 1140 1970; x_wconf 87' lang='lat' dir='ltr'><strong>Iphigenia</strong></span> <span class='ocrx_word' id='word_1_246' title='bbox 1175 1921 1350 1961; x_wconf 84' lang='lat' dir='ltr'><strong>Taurica</strong></span> <span class='ocrx_word' id='word_1_247' title='bbox 1390 1918 1518 1958; x_wconf 77' lang='grc' dir='ltr'><strong><em>αἴτιον</em></strong></span> <span class='ocrx_word' id='word_1_248' title='bbox 1562 1919 1694 1959; x_wconf 90' lang='lat' dir='ltr'><strong>cultus</strong></span> 
     </span>
     <span class='ocr_line' id='line_1_29' title="bbox 249 1982 1693 2032; baseline -0.001 -10"><span class='ocrx_word' id='word_1_249' title='bbox 249 1982 410 2022; x_wconf 83' lang='lat' dir='ltr'><strong>Dianae</strong></span> <span class='ocrx_word' id='word_1_250' title='bbox 444 1983 692 2023; x_wconf 87' lang='lat' dir='ltr'><strong>Brauroniae</strong></span> <span class='ocrx_word' id='word_1_251' title='bbox 738 1994 760 2023; x_wconf 92' lang='lat' dir='ltr'><strong>e</strong></span> <span class='ocrx_word' id='word_1_252' title='bbox 796 1982 946 2023; x_wconf 88' lang='lat' dir='ltr'><strong>fabulis</strong></span> <span class='ocrx_word' id='word_1_253' title='bbox 990 1983 1157 2023; x_wconf 89' lang='lat' dir='ltr'><strong>videtur</strong></span> <span class='ocrx_word' id='word_1_254' title='bbox 1192 1983 1479 2032; x_wconf 88' lang='lat' dir='ltr'><strong>desumpsisse,</strong></span> <span class='ocrx_word' id='word_1_255' title='bbox 1524 1993 1626 2030; x_wconf 87' lang='lat' dir='ltr'><strong>quae</strong></span> <span class='ocrx_word' id='word_1_256' title='bbox 1668 1993 1693 2020; x_wconf 88' lang='lat' dir='ltr'><strong>a</strong></span> 
     </span>
     <span class='ocr_line' id='line_1_30' title="bbox 249 2042 1692 2099; baseline -0.002 -14"><span class='ocrx_word' id='word_1_257' title='bbox 249 2045 526 2085; x_wconf 84' lang='lat' dir='ltr'><strong>sacerdotibus</strong></span> <span class='ocrx_word' id='word_1_258' title='bbox 552 2045 663 2085; x_wconf 91' lang='lat' dir='ltr'><strong>illius</strong></span> <span class='ocrx_word' id='word_1_259' title='bbox 682 2046 783 2085; x_wconf 88' lang='lat' dir='ltr'><strong>deae</strong></span> <span class='ocrx_word' id='word_1_260' title='bbox 800 2046 1069 2085; x_wconf 87' lang='lat' dir='ltr'><strong>tradebantur</strong></span> <span class='ocrx_word' id='word_1_261' title='bbox 1082 2045 1108 2084; x_wconf 81' lang='lat'><strong>².</strong></span> <span class='ocrx_word' id='word_1_262' title='bbox 1161 2043 1281 2083; x_wconf 81' lang='grc' dir='ltr'><em>Αἵτια</em></span> <span class='ocrx_word' id='word_1_263' title='bbox 1299 2045 1428 2099; x_wconf 65' lang='lat' dir='ltr'><strong>igitur</strong></span> <span class='ocrx_word' id='word_1_264' title='bbox 1453 2044 1497 2083; x_wconf 93' lang='lat' dir='ltr'><strong>in</strong></span> <span class='ocrx_word' id='word_1_265' title='bbox 1515 2044 1566 2083; x_wconf 90' lang='lat' dir='ltr'><strong>iis</strong></span> <span class='ocrx_word' id='word_1_266' title='bbox 1593 2042 1692 2092; x_wconf 90' lang='lat' dir='ltr'><strong>ipsis</strong></span> 
     </span>
     <span class='ocr_line' id='line_1_31' title="bbox 250 2104 1692 2159; baseline -0.001 -12"><span class='ocrx_word' id='word_1_267' title='bbox 250 2106 430 2148; x_wconf 87' lang='lat' dir='ltr'><strong>fontibus</strong></span> <span class='ocrx_word' id='word_1_268' title='bbox 466 2111 698 2159; x_wconf 89' lang='lat' dir='ltr'><strong>occurrunt,</strong></span> <span class='ocrx_word' id='word_1_269' title='bbox 734 2119 832 2157; x_wconf 89' lang='lat' dir='ltr'><strong>quos</strong></span> <span class='ocrx_word' id='word_1_270' title='bbox 868 2108 1113 2158; x_wconf 90' lang='lat' dir='ltr'><strong>Aeschylum</strong></span> <span class='ocrx_word' id='word_1_271' title='bbox 1148 2107 1190 2147; x_wconf 92' lang='lat' dir='ltr'><strong>in</strong></span> <span class='ocrx_word' id='word_1_272' title='bbox 1227 2106 1508 2157; x_wconf 90' lang='lat' dir='ltr'><strong>componendis</strong></span> <span class='ocrx_word' id='word_1_273' title='bbox 1546 2104 1692 2155; x_wconf 89' lang='lat' dir='ltr'><strong>prioris</strong></span> 
     </span>
     <span class='ocr_line' id='line_1_32' title="bbox 249 2169 1690 2221; baseline -0.002 -10"><span class='ocrx_word' id='word_1_274' title='bbox 249 2171 413 2221; x_wconf 85' lang='lat' dir='ltr'><strong>generis</strong></span> <span class='ocrx_word' id='word_1_275' title='bbox 440 2171 662 2221; x_wconf 87' lang='lat' dir='ltr'><strong>tragoediis</strong></span> <span class='ocrx_word' id='word_1_276' title='bbox 689 2175 869 2212; x_wconf 90' lang='lat' dir='ltr'><strong>secutum</strong></span> <span class='ocrx_word' id='word_1_277' title='bbox 908 2183 996 2212; x_wconf 91' lang='lat' dir='ltr'><strong>esse</strong></span> <span class='ocrx_word' id='word_1_278' title='bbox 1023 2171 1336 2221; x_wconf 89' lang='lat' dir='ltr'><strong>suspicabamur.</strong></span> <span class='ocrx_word' id='word_1_279' title='bbox 1401 2169 1517 2221; x_wconf 84' lang='lat' dir='ltr'><strong>Quod</strong></span> <span class='ocrx_word' id='word_1_280' title='bbox 1554 2171 1690 2209; x_wconf 89' lang='lat' dir='ltr'><strong>autem</strong></span> 
     </span>
     <span class='ocr_line' id='line_1_33' title="bbox 248 2232 1693 2283; baseline -0.001 -10"><span class='ocrx_word' id='word_1_281' title='bbox 248 2233 410 2273; x_wconf 85' lang='lat' dir='ltr'><strong>heroica</strong></span> <span class='ocrx_word' id='word_1_282' title='bbox 445 2233 624 2273; x_wconf 84' lang='lat' dir='ltr'><strong>carmina</strong></span> <span class='ocrx_word' id='word_1_283' title='bbox 658 2234 829 2283; x_wconf 86' lang='lat' dir='ltr'><strong>attinet,</strong></span> <span class='ocrx_word' id='word_1_284' title='bbox 874 2235 981 2283; x_wconf 89' lang='lat' dir='ltr'><strong>apud</strong></span> <span class='ocrx_word' id='word_1_285' title='bbox 1018 2234 1233 2273; x_wconf 90' lang='lat' dir='ltr'><strong>Homerum</strong></span> <span class='ocrx_word' id='word_1_286' title='bbox 1273 2244 1350 2272; x_wconf 92' lang='lat' dir='ltr'><strong>uno</strong></span> <span class='ocrx_word' id='word_1_287' title='bbox 1394 2235 1554 2273; x_wconf 90' lang='lat' dir='ltr'><strong>tantum</strong></span> <span class='ocrx_word' id='word_1_288' title='bbox 1595 2232 1693 2281; x_wconf 92' lang='lat' dir='ltr'><strong>loco,</strong></span> 
     </span>
     <span class='ocr_line' id='line_1_34' title="bbox 250 2293 1693 2346; baseline -0.002 -11"><span class='ocrx_word' id='word_1_289' title='bbox 250 2298 443 2345; x_wconf 89' lang='lat' dir='ltr'><strong>quantum</strong></span> <span class='ocrx_word' id='word_1_290' title='bbox 479 2295 661 2346; x_wconf 88' lang='lat' dir='ltr'><strong>memini,</strong></span> <span class='ocrx_word' id='word_1_291' title='bbox 697 2296 744 2336; x_wconf 93' lang='lat' dir='ltr'><strong>Il.</strong></span> <span class='ocrx_word' id='word_1_292' title='bbox 781 2296 840 2337; x_wconf 93' lang='lat' dir='ltr'><strong>VI</strong></span> <span class='ocrx_word' id='word_1_293' title='bbox 877 2296 952 2335; x_wconf 83' lang='lat'><strong>201</strong></span> <span class='ocrx_word' id='word_1_294' title='bbox 965 2307 1021 2344; x_wconf 89' lang='lat' dir='ltr'><strong>sq.</strong></span> <span class='ocrx_word' id='word_1_295' title='bbox 1058 2293 1188 2334; x_wconf 77' lang='grc' dir='ltr'><strong><em>αἴτιον</em></strong></span> <span class='ocrx_word' id='word_1_296' title='bbox 1227 2295 1389 2344; x_wconf 85' lang='lat' dir='ltr'><strong>aliquod</strong></span> <span class='ocrx_word' id='word_1_297' title='bbox 1428 2294 1586 2335; x_wconf 89' lang='lat' dir='ltr'><strong>scilicet</strong></span> <span class='ocrx_word' id='word_1_298' title='bbox 1620 2300 1693 2333; x_wconf 82' lang='grc' dir='ltr'><strong>τοῦ</strong></span> 
     </span>
     <span class='ocr_line' id='line_1_35' title="bbox 243 2355 1693 2409; baseline 0.001 -13"><span class='ocrx_word' id='word_1_299' title='bbox 243 2355 401 2409; x_wconf 77' lang='grc' dir='ltr'><strong><em>Ἀληίου</em></strong></span> <span class='ocrx_word' id='word_1_300' title='bbox 433 2356 576 2396; x_wconf 82' lang='grc' dir='ltr'><em>πεδίου</em></span> <span class='ocrx_word' id='word_1_301' title='bbox 604 2357 736 2398; x_wconf 91' lang='lat' dir='ltr'><strong>obiter</strong></span> <span class='ocrx_word' id='word_1_302' title='bbox 764 2357 992 2408; x_wconf 87' lang='lat' dir='ltr'><strong>attingitur,</strong></span> <span class='ocrx_word' id='word_1_303' title='bbox 1029 2361 1072 2397; x_wconf 90' lang='lat' dir='ltr'><strong>et</strong></span> <span class='ocrx_word' id='word_1_304' title='bbox 1108 2357 1145 2398; x_wconf 89' lang='lat' dir='ltr'><strong>si</strong></span> <span class='ocrx_word' id='word_1_305' title='bbox 1173 2357 1347 2407; x_wconf 83' lang='lat' dir='ltr'><strong>Quintus</strong></span> <span class='ocrx_word' id='word_1_306' title='bbox 1374 2358 1496 2407; x_wconf 89' lang='lat' dir='ltr'><strong>paulo</strong></span> <span class='ocrx_word' id='word_1_307' title='bbox 1531 2357 1693 2407; x_wconf 84' lang='lat' dir='ltr'><strong>saepius</strong></span> 
     </span>
     <span class='ocr_line' id='line_1_36' title="bbox 248 2417 1693 2472; baseline 0.002 -14"><span class='ocrx_word' id='word_1_308' title='bbox 248 2417 359 2458; x_wconf 82' lang='grc' dir='ltr'><strong><em>α’ίτια</em></strong></span> <span class='ocrx_word' id='word_1_309' title='bbox 387 2419 517 2470; x_wconf 86' lang='lat' dir='ltr'><strong>affert,</strong></span> <span class='ocrx_word' id='word_1_310' title='bbox 544 2420 597 2470; x_wconf 89' lang='lat' dir='ltr'><strong>id,</strong></span> <span class='ocrx_word' id='word_1_311' title='bbox 625 2431 701 2470; x_wconf 88' lang='lat' dir='ltr'><strong>quo</strong></span> <span class='ocrx_word' id='word_1_312' title='bbox 728 2421 777 2460; x_wconf 88' lang='lat' dir='ltr'><strong>de</strong></span> <span class='ocrx_word' id='word_1_313' title='bbox 806 2420 978 2460; x_wconf 91' lang='lat' dir='ltr'><strong>Achillis</strong></span> <span class='ocrx_word' id='word_1_314' title='bbox 1005 2420 1119 2461; x_wconf 88' lang='lat' dir='ltr'><strong>cultu</strong></span> <span class='ocrx_word' id='word_1_315' title='bbox 1148 2420 1286 2470; x_wconf 85' lang='lat' dir='ltr'><strong>agitur</strong></span> <span class='ocrx_word' id='word_1_316' title='bbox 1314 2419 1380 2472; x_wconf 86' lang='lat' dir='ltr'><strong>(cf.</strong></span> <span class='ocrx_word' id='word_1_317' title='bbox 1407 2432 1530 2471; x_wconf 86' lang='lat' dir='ltr'><strong>supra</strong></span> <span class='ocrx_word' id='word_1_318' title='bbox 1557 2432 1594 2470; x_wconf 92' lang='lat' dir='ltr'><strong>p.</strong></span> <span class='ocrx_word' id='word_1_319' title='bbox 1613 2420 1693 2471; x_wconf 85' lang='lat'><strong>36),</strong></span> 
     </span>
    </p>
   </div>
   <div class='ocr_carea' id='block_1_4' title="bbox 252 2484 503 2491">
    <p class='ocr_par' dir='ltr' id='par_1_4' title="bbox 252 2484 503 2491">
     <span class='ocr_line' id='line_1_37' title="bbox 252 2484 503 2491; baseline 0 0"><span class='ocrx_word' id='word_1_320' title='bbox 252 2484 503 2491; x_wconf 95' lang='lat' dir='ltr'><strong> </strong></span> 
     </span>
    </p>
   </div>
   <div class='ocr_carea' id='block_1_5' title="bbox 356 2503 1692 2547">
    <p class='ocr_par' dir='ltr' id='par_1_5' title="bbox 356 2503 1692 2547">
     <span class='ocr_line' id='line_1_38' title="bbox 356 2503 1692 2547; baseline -0.001 -9"><span class='ocrx_word' id='word_1_321' title='bbox 356 2504 368 2524; x_wconf 92' lang='lat'>¹</span> <span class='ocrx_word' id='word_1_322' title='bbox 390 2505 438 2538; x_wconf 88' lang='lat' dir='ltr'><strong>Ut</strong></span> <span class='ocrx_word' id='word_1_323' title='bbox 459 2504 645 2544; x_wconf 86' lang='lat' dir='ltr'><strong>exemplum</strong></span> <span class='ocrx_word' id='word_1_324' title='bbox 667 2503 813 2546; x_wconf 76' lang='lat' dir='ltr'><strong>afferam,</strong></span> <span class='ocrx_word' id='word_1_325' title='bbox 844 2504 923 2537; x_wconf 86' lang='lat' dir='ltr'><strong>Hes.</strong></span> <span class='ocrx_word' id='word_1_326' title='bbox 947 2504 1074 2546; x_wconf 78' lang='lat' dir='ltr'><strong>Theog.</strong></span> <span class='ocrx_word' id='word_1_327' title='bbox 1097 2504 1265 2538; x_wconf 80' lang='lat'>535-557</span> <span class='ocrx_word' id='word_1_328' title='bbox 1289 2505 1428 2547; x_wconf 85' lang='lat' dir='ltr'><strong>(Rzach)</strong></span> <span class='ocrx_word' id='word_1_329' title='bbox 1457 2504 1692 2538; x_wconf 82' lang='lat' dir='ltr'><strong>sacrificiorum</strong></span> 
     </span>
    </p>
   </div>
   <div class='ocr_carea' id='block_1_6' title="bbox 246 2556 1640 2652">
    <p class='ocr_par' dir='ltr' id='par_1_6' title="bbox 246 2556 1640 2652">
     <span class='ocr_line' id='line_1_39' title="bbox 246 2556 563 2598; baseline 0.006 -11"><span class='ocrx_word' id='word_1_330' title='bbox 246 2558 359 2588; x_wconf 76' lang='grc' dir='ltr'><em>αἴτιον</em></span> <span class='ocrx_word' id='word_1_331' title='bbox 378 2556 563 2598; x_wconf 80' lang='lat' dir='ltr'><strong>praebetur.</strong></span> 
     </span>
     <span class='ocr_line' id='line_1_40' title="bbox 355 2608 1640 2652; baseline -0.001 -9"><span class='ocrx_word' id='word_1_332' title='bbox 355 2609 369 2628; x_wconf 91' lang='lat'><strong>¹</strong></span> <span class='ocrx_word' id='word_1_333' title='bbox 393 2609 441 2643; x_wconf 80' lang='lat' dir='ltr'><strong>cf.</strong></span> <span class='ocrx_word' id='word_1_334' title='bbox 464 2609 503 2643; x_wconf 80' lang='lat' dir='ltr'><strong>A.</strong></span> <span class='ocrx_word' id='word_1_335' title='bbox 526 2608 695 2643; x_wconf 87' lang='lat' dir='ltr'><strong>Dieterich</strong></span> <span class='ocrx_word' id='word_1_336' title='bbox 718 2609 806 2651; x_wconf 84' lang='lat' dir='ltr'><strong>apud</strong></span> <span class='ocrx_word' id='word_1_337' title='bbox 829 2609 1152 2652; x_wconf 70' lang='lat' dir='ltr'><strong>Pauly-Wiasowam</strong></span> <span class='ocrx_word' id='word_1_338' title='bbox 1176 2621 1201 2644; x_wconf 90' lang='lat' dir='ltr'><strong>s.</strong></span> <span class='ocrx_word' id='word_1_339' title='bbox 1224 2621 1254 2645; x_wconf 93' lang='lat' dir='ltr'><strong>v.</strong></span> <span class='ocrx_word' id='word_1_340' title='bbox 1278 2609 1453 2651; x_wconf 86' lang='lat' dir='ltr'><strong>Euripides</strong></span> <span class='ocrx_word' id='word_1_341' title='bbox 1475 2609 1525 2643; x_wconf 88' lang='lat' dir='ltr'><strong>VI</strong></span> <span class='ocrx_word' id='word_1_342' title='bbox 1549 2608 1640 2642; x_wconf 78' lang='grc'>1261.</span> 
     </span>
    </p>
   </div>
  </div>
 </body>
</html>
