<?xml version="1.0" encoding="UTF-8"?>
<!DOCTYPE html PUBLIC "-//W3C//DTD XHTML 1.0 Transitional//EN"
    "http://www.w3.org/TR/xhtml1/DTD/xhtml1-transitional.dtd">
<html xmlns="http://www.w3.org/1999/xhtml" xml:lang="en" lang="en">
 <head>
  <title>
</title>
<meta http-equiv="Content-Type" content="text/html;charset=utf-8" />
  <meta name='ocr-system' content='tesseract 3.04.00' />
  <meta name='ocr-capabilities' content='ocr_page ocr_carea ocr_par ocr_line ocrx_word'/>
</head>
<body>
  <div class='ocr_page' id='page_1' title='image "4737905_0029.png"; bbox 0 0 1990 2959; ppageno 0'>
   <div class='ocr_carea' id='block_1_1' title="bbox 537 140 1668 183">
    <p class='ocr_par' dir='ltr' id='par_1_1' title="bbox 537 140 1668 183">
     <span class='ocr_line' id='line_1_1' title="bbox 537 140 1668 183; baseline 0 -9"><span class='ocrx_word' id='word_1_1' title='bbox 537 140 587 174; x_wconf 87' lang='lat' dir='ltr'><strong>De</strong></span> <span class='ocrx_word' id='word_1_2' title='bbox 608 141 805 175; x_wconf 82' lang='lat' dir='ltr'><strong>Graecorum</strong></span> <span class='ocrx_word' id='word_1_3' title='bbox 827 142 960 175; x_wconf 86' lang='lat' dir='ltr'><strong>deorum</strong></span> <span class='ocrx_word' id='word_1_4' title='bbox 982 142 1133 183; x_wconf 76' lang='lat' dir='ltr'><strong>partibus</strong></span> <span class='ocrx_word' id='word_1_5' title='bbox 1154 141 1350 182; x_wconf 78' lang='lat' dir='ltr'><strong>Aeschyleis</strong></span> <span class='ocrx_word' id='word_1_6' title='bbox 1618 142 1668 180; x_wconf 87' lang='lat'><strong>19</strong></span> 
     </span>
    </p>
   </div>
   <div class='ocr_carea' id='block_1_2' title="bbox 223 244 1667 1046">
    <p class='ocr_par' dir='ltr' id='par_1_2' title="bbox 223 244 1667 1046">
     <span class='ocr_line' id='line_1_2' title="bbox 333 244 1667 296; baseline 0.001 -12"><span class='ocrx_word' id='word_1_7' title='bbox 333 244 397 285; x_wconf 93' lang='lat' dir='ltr'><strong>Ad</strong></span> <span class='ocrx_word' id='word_1_8' title='bbox 423 245 687 296; x_wconf 89' lang='lat' dir='ltr'><strong>Dionysiacas</strong></span> <span class='ocrx_word' id='word_1_9' title='bbox 712 245 875 286; x_wconf 80' lang='lat' dir='ltr'><strong>fabulas</strong></span> <span class='ocrx_word' id='word_1_10' title='bbox 902 247 1081 296; x_wconf 89' lang='lat' dir='ltr'><strong>pertinet</strong></span> <span class='ocrx_word' id='word_1_11' title='bbox 1108 247 1231 286; x_wconf 73' lang='lat' dir='ltr'><strong>etiam</strong></span> <span class='ocrx_word' id='word_1_12' title='bbox 1258 247 1524 296; x_wconf 80' lang='grc' dir='ltr'><strong><em>Ξάντριαι,</em></strong></span> <span class='ocrx_word' id='word_1_13' title='bbox 1552 246 1667 286; x_wconf 77' lang='lat' dir='ltr'><strong>cuius</strong></span> 
     </span>
     <span class='ocr_line' id='line_1_3' title="bbox 227 306 1666 360; baseline 0 -12"><span class='ocrx_word' id='word_1_14' title='bbox 227 306 461 358; x_wconf 80' lang='lat' dir='ltr'><strong>tragoediae</strong></span> <span class='ocrx_word' id='word_1_15' title='bbox 505 312 784 360; x_wconf 86' lang='lat' dir='ltr'><strong>argumentum</strong></span> <span class='ocrx_word' id='word_1_16' title='bbox 828 308 1059 349; x_wconf 86' lang='lat' dir='ltr'><strong>continetur</strong></span> <span class='ocrx_word' id='word_1_17' title='bbox 1098 308 1248 350; x_wconf 86' lang='lat' dir='ltr'><strong>scholio</strong></span> <span class='ocrx_word' id='word_1_18' title='bbox 1293 312 1434 349; x_wconf 83' lang='lat' dir='ltr'><strong>vetere</strong></span> <span class='ocrx_word' id='word_1_19' title='bbox 1477 307 1666 359; x_wconf 83' lang='lat' dir='ltr'><strong>Aeschyl.</strong></span> 
     </span>
     <span class='ocr_line' id='line_1_4' title="bbox 227 367 1666 424; baseline 0 -14"><span class='ocrx_word' id='word_1_20' title='bbox 227 368 341 411; x_wconf 83' lang='lat' dir='ltr'><strong>Eum.</strong></span> <span class='ocrx_word' id='word_1_21' title='bbox 364 369 416 411; x_wconf 83' lang='lat'><strong>26</strong></span> <span class='ocrx_word' id='word_1_22' title='bbox 437 371 650 423; x_wconf 70' lang='lat' dir='ltr'><strong>(Dimoto,</strong></span> <span class='ocrx_word' id='word_1_23' title='bbox 674 372 783 413; x_wconf 76' lang='lat' dir='ltr'><strong>TGF</strong></span> <span class='ocrx_word' id='word_1_24' title='bbox 810 384 846 421; x_wconf 88' lang='lat' dir='ltr'><strong>p.</strong></span> <span class='ocrx_word' id='word_1_25' title='bbox 864 373 934 413; x_wconf 80' lang='lat'><strong>55:</strong></span> <span class='ocrx_word' id='word_1_26' title='bbox 960 375 1045 410; x_wconf 87' lang='grc' dir='ltr'><strong>Νῦν</strong></span> <span class='ocrx_word' id='word_1_27' title='bbox 1062 384 1183 424; x_wconf 84' lang='grc' dir='ltr'><strong><em>φησιν</em></strong></span> <span class='ocrx_word' id='word_1_28' title='bbox 1199 370 1241 410; x_wconf 77' lang='grc' dir='ltr'><strong>ἐν</strong></span> <span class='ocrx_word' id='word_1_29' title='bbox 1263 377 1458 423; x_wconf 81' lang='grc' dir='ltr'><strong><em>Παρνασῷ</em></strong></span> <span class='ocrx_word' id='word_1_30' title='bbox 1487 367 1589 410; x_wconf 75' lang='grc' dir='ltr'><strong><em>εἶναι</em></strong></span> <span class='ocrx_word' id='word_1_31' title='bbox 1615 372 1666 410; x_wconf 83' lang='grc' dir='ltr'><strong>τὰ</strong></span> 
     </span>
     <span class='ocr_line' id='line_1_5' title="bbox 226 431 1664 486; baseline 0.002 -14"><span class='ocrx_word' id='word_1_32' title='bbox 226 431 325 472; x_wconf 76' lang='grc' dir='ltr'><strong>κατὰ</strong></span> <span class='ocrx_word' id='word_1_33' title='bbox 342 435 513 479; x_wconf 78' lang='grc' dir='ltr'><strong><em>Πενθέα,</em></strong></span> <span class='ocrx_word' id='word_1_34' title='bbox 541 431 582 473; x_wconf 80' lang='grc' dir='ltr'><strong>ἐν</strong></span> <span class='ocrx_word' id='word_1_35' title='bbox 600 433 643 473; x_wconf 78' lang='grc' dir='ltr'><strong>δὲ</strong></span> <span class='ocrx_word' id='word_1_36' title='bbox 659 439 748 481; x_wconf 87' lang='grc' dir='ltr'><em>ταῖς</em></span> <span class='ocrx_word' id='word_1_37' title='bbox 764 436 972 485; x_wconf 81' lang='grc' dir='ltr'><strong><em>Ξαντρίαις</em></strong></span> <span class='ocrx_word' id='word_1_38' title='bbox 989 431 1032 473; x_wconf 77' lang='grc' dir='ltr'><strong>ἐν</strong></span> <span class='ocrx_word' id='word_1_39' title='bbox 1049 436 1276 486; x_wconf 76' lang='grc' dir='ltr'><strong><em>Κιθαιρῶνι</em></strong></span> <span class='ocrx_word' id='word_1_40' title='bbox 1302 439 1345 474; x_wconf 86' lang='lat' dir='ltr'><strong>et</strong></span> <span class='ocrx_word' id='word_1_41' title='bbox 1362 434 1499 474; x_wconf 79' lang='lat' dir='ltr'><strong>Photii</strong></span> <span class='ocrx_word' id='word_1_42' title='bbox 1517 434 1602 475; x_wconf 83' lang='lat' dir='ltr'><strong>loco</strong></span> <span class='ocrx_word' id='word_1_43' title='bbox 1619 433 1664 474; x_wconf 94' lang='lat' dir='ltr'><strong>II</strong></span> 
     </span>
     <span class='ocr_line' id='line_1_6' title="bbox 225 495 1663 551; baseline -0.001 -14"><span class='ocrx_word' id='word_1_44' title='bbox 225 506 263 546; x_wconf 88' lang='lat' dir='ltr'><strong>p.</strong></span> <span class='ocrx_word' id='word_1_45' title='bbox 291 497 341 537; x_wconf 90' lang='lat'><strong>10</strong></span> <span class='ocrx_word' id='word_1_46' title='bbox 368 495 544 548; x_wconf 89' lang='lat' dir='ltr'><strong>(Naber)‚</strong></span> <span class='ocrx_word' id='word_1_47' title='bbox 569 497 618 537; x_wconf 83' lang='lat' dir='ltr'><strong>fr.</strong></span> <span class='ocrx_word' id='word_1_48' title='bbox 648 498 724 537; x_wconf 87' lang='grc'><strong>169</strong></span> <span class='ocrx_word' id='word_1_49' title='bbox 743 498 789 547; x_wconf 88' lang='grc' dir='ltr'><strong>Ν,</strong></span> <span class='ocrx_word' id='word_1_50' title='bbox 816 508 980 546; x_wconf 90' lang='lat' dir='ltr'><strong>quocum</strong></span> <span class='ocrx_word' id='word_1_51' title='bbox 1009 497 1208 537; x_wconf 79' lang='lat' dir='ltr'><strong>consentit</strong></span> <span class='ocrx_word' id='word_1_52' title='bbox 1236 497 1383 540; x_wconf 86' lang='lat' dir='ltr'><strong>Suidas</strong></span> <span class='ocrx_word' id='word_1_53' title='bbox 1411 508 1441 541; x_wconf 87' lang='lat' dir='ltr'><strong>s.</strong></span> <span class='ocrx_word' id='word_1_54' title='bbox 1464 508 1512 551; x_wconf 56' lang='lat' dir='ltr'><strong>v,</strong></span> <span class='ocrx_word' id='word_1_55' title='bbox 1529 496 1663 536; x_wconf 71' lang='grc' dir='ltr'><em>Ὀκτὼ·</em></span> 
     </span>
     <span class='ocr_line' id='line_1_7' title="bbox 226 556 1664 609; baseline 0.001 -13"><span class='ocrx_word' id='word_1_56' title='bbox 226 570 350 599; x_wconf 71' lang='grc' dir='ltr'><strong><em>πουνε</em></strong></span> <span class='ocrx_word' id='word_1_57' title='bbox 383 559 444 597; x_wconf 85' lang='grc' dir='ltr'><strong>Ἐν</strong></span> <span class='ocrx_word' id='word_1_58' title='bbox 476 557 520 597; x_wconf 78' lang='grc' dir='ltr'><strong>δὲ</strong></span> <span class='ocrx_word' id='word_1_59' title='bbox 554 564 641 605; x_wconf 83' lang='grc' dir='ltr'><em>ταῖς</em></span> <span class='ocrx_word' id='word_1_60' title='bbox 676 556 875 607; x_wconf 83' lang='grc' dir='ltr'><em>Αἰσχύλου</em></span> <span class='ocrx_word' id='word_1_61' title='bbox 900 560 1112 609; x_wconf 75' lang='grc' dir='ltr'><strong><em>Ξαντρὶαις</em></strong></span> <span class='ocrx_word' id='word_1_62' title='bbox 1142 557 1165 608; x_wconf 84' lang='grc' dir='ltr'><em>ἡ</em></span> <span class='ocrx_word' id='word_1_63' title='bbox 1200 559 1337 597; x_wconf 83' lang='grc' dir='ltr'><em>Λύσσα</em></span> <span class='ocrx_word' id='word_1_64' title='bbox 1371 557 1664 607; x_wconf 73' lang='grc' dir='ltr'><strong><em>ἐπιθειάζουσα</em></strong></span> 
     </span>
     <span class='ocr_line' id='line_1_8' title="bbox 223 620 1663 674; baseline 0.001 -14"><span class='ocrx_word' id='word_1_65' title='bbox 223 627 311 667; x_wconf 78' lang='grc' dir='ltr'><strong><em>ταῖς</em></strong></span> <span class='ocrx_word' id='word_1_66' title='bbox 336 621 515 670; x_wconf 81' lang='grc' dir='ltr'><strong><em>Βάκχαις</em></strong></span> <span class='ocrx_word' id='word_1_67' title='bbox 540 622 662 674; x_wconf 84' lang='grc' dir='ltr'><strong><em>φησίν</em></strong></span> <span class='ocrx_word' id='word_1_68' title='bbox 687 620 766 659; x_wconf 77' lang='grc' dir='ltr'><strong><em>κτλ.</em></strong></span> <span class='ocrx_word' id='word_1_69' title='bbox 820 621 869 661; x_wconf 93' lang='lat' dir='ltr'><strong>In</strong></span> <span class='ocrx_word' id='word_1_70' title='bbox 898 620 1090 671; x_wconf 81' lang='lat' dir='ltr'><strong>Aeschyli</strong></span> <span class='ocrx_word' id='word_1_71' title='bbox 1115 620 1245 670; x_wconf 83' lang='lat' dir='ltr'><strong>igitur</strong></span> <span class='ocrx_word' id='word_1_72' title='bbox 1266 620 1454 662; x_wconf 86' lang='lat' dir='ltr'><strong>Xantriis</strong></span> <span class='ocrx_word' id='word_1_73' title='bbox 1480 621 1663 662; x_wconf 78' lang='lat' dir='ltr'><strong>Bacchae</strong></span> 
     </span>
     <span class='ocr_line' id='line_1_9' title="bbox 224 682 1663 734; baseline 0 -10"><span class='ocrx_word' id='word_1_74' title='bbox 224 687 514 734; x_wconf 87' lang='lat' dir='ltr'><strong>apparuerunt,</strong></span> <span class='ocrx_word' id='word_1_75' title='bbox 542 694 643 732; x_wconf 90' lang='lat' dir='ltr'><strong>quas</strong></span> <span class='ocrx_word' id='word_1_76' title='bbox 671 683 801 733; x_wconf 88' lang='lat' dir='ltr'><strong>Lyssa</strong></span> <span class='ocrx_word' id='word_1_77' title='bbox 827 683 879 723; x_wconf 89' lang='lat' dir='ltr'><strong>ad</strong></span> <span class='ocrx_word' id='word_1_78' title='bbox 905 682 1081 722; x_wconf 89' lang='lat' dir='ltr'><strong>furorem</strong></span> <span class='ocrx_word' id='word_1_79' title='bbox 1109 683 1316 734; x_wconf 84' lang='lat' dir='ltr'><strong>excitavit,</strong></span> <span class='ocrx_word' id='word_1_80' title='bbox 1344 686 1386 723; x_wconf 89' lang='lat' dir='ltr'><strong>et</strong></span> <span class='ocrx_word' id='word_1_81' title='bbox 1413 684 1464 723; x_wconf 89' lang='lat' dir='ltr'><strong>de</strong></span> <span class='ocrx_word' id='word_1_82' title='bbox 1488 684 1663 724; x_wconf 84' lang='lat' dir='ltr'><strong>Penthei</strong></span> 
     </span>
     <span class='ocr_line' id='line_1_10' title="bbox 223 745 1663 795; baseline 0.001 -9"><span class='ocrx_word' id='word_1_83' title='bbox 223 751 351 786; x_wconf 90' lang='lat' dir='ltr'><strong>morte</strong></span> <span class='ocrx_word' id='word_1_84' title='bbox 378 746 420 786; x_wconf 90' lang='lat' dir='ltr'><strong>in</strong></span> <span class='ocrx_word' id='word_1_85' title='bbox 440 745 682 786; x_wconf 82' lang='lat' dir='ltr'><strong>Cithaerone</strong></span> <span class='ocrx_word' id='word_1_86' title='bbox 707 748 873 795; x_wconf 84' lang='lat' dir='ltr'><strong>patrata</strong></span> <span class='ocrx_word' id='word_1_87' title='bbox 899 756 965 784; x_wconf 88' lang='lat' dir='ltr'><strong>res</strong></span> <span class='ocrx_word' id='word_1_88' title='bbox 992 748 1093 785; x_wconf 87' lang='lat' dir='ltr'><strong>erat.</strong></span> <span class='ocrx_word' id='word_1_89' title='bbox 1146 745 1182 784; x_wconf 88' lang='lat' dir='ltr'>E</span> <span class='ocrx_word' id='word_1_90' title='bbox 1202 745 1348 794; x_wconf 89' lang='lat' dir='ltr'><strong>quibus</strong></span> <span class='ocrx_word' id='word_1_91' title='bbox 1375 747 1548 794; x_wconf 88' lang='lat' dir='ltr'><strong>quadam</strong></span> <span class='ocrx_word' id='word_1_92' title='bbox 1574 758 1663 787; x_wconf 83' lang='lat' dir='ltr'><strong>cum</strong></span> 
     </span>
     <span class='ocr_line' id='line_1_11' title="bbox 224 807 1663 858; baseline 0 -9"><span class='ocrx_word' id='word_1_93' title='bbox 224 809 314 850; x_wconf 83' lang='lat' dir='ltr'><strong>veri</strong></span> <span class='ocrx_word' id='word_1_94' title='bbox 340 807 677 858; x_wconf 86' lang='lat' dir='ltr'><strong>specie-concludi</strong></span> <span class='ocrx_word' id='word_1_95' title='bbox 702 810 837 857; x_wconf 88' lang='lat' dir='ltr'><strong>potest</strong></span> <span class='ocrx_word' id='word_1_96' title='bbox 854 807 898 847; x_wconf 91' lang='lat' dir='ltr'><strong>in</strong></span> <span class='ocrx_word' id='word_1_97' title='bbox 916 807 1107 848; x_wconf 89' lang='lat' dir='ltr'><strong>Xantriis</strong></span> <span class='ocrx_word' id='word_1_98' title='bbox 1126 808 1174 847; x_wconf 91' lang='lat' dir='ltr'><strong>de</strong></span> <span class='ocrx_word' id='word_1_99' title='bbox 1192 808 1366 848; x_wconf 82' lang='lat' dir='ltr'><strong>Penthei</strong></span> <span class='ocrx_word' id='word_1_100' title='bbox 1384 812 1510 849; x_wconf 88' lang='lat' dir='ltr'><strong>morte</strong></span> <span class='ocrx_word' id='word_1_101' title='bbox 1529 811 1663 849; x_wconf 87' lang='lat' dir='ltr'><strong>actum</strong></span> 
     </span>
     <span class='ocr_line' id='line_1_12' title="bbox 225 869 1664 920; baseline 0 -9"><span class='ocrx_word' id='word_1_102' title='bbox 225 882 312 911; x_wconf 82' lang='lat' dir='ltr'><strong>esse</strong></span> <span class='ocrx_word' id='word_1_103' title='bbox 348 874 391 911; x_wconf 91' lang='lat' dir='ltr'><strong>et</strong></span> <span class='ocrx_word' id='word_1_104' title='bbox 426 871 557 920; x_wconf 87' lang='lat' dir='ltr'><strong>ipsum</strong></span> <span class='ocrx_word' id='word_1_105' title='bbox 592 881 736 910; x_wconf 89' lang='lat' dir='ltr'><strong>nomen</strong></span> <span class='ocrx_word' id='word_1_106' title='bbox 763 869 1030 910; x_wconf 86' lang='lat' dir='ltr'><strong>Xantriarum</strong></span> <span class='ocrx_word' id='word_1_107' title='bbox 1064 870 1328 910; x_wconf 87' lang='lat' dir='ltr'><strong>derivandum</strong></span> <span class='ocrx_word' id='word_1_108' title='bbox 1366 882 1452 910; x_wconf 88' lang='lat' dir='ltr'><strong>esse</strong></span> <span class='ocrx_word' id='word_1_109' title='bbox 1488 883 1513 911; x_wconf 89' lang='lat' dir='ltr'><strong>a</strong></span> <span class='ocrx_word' id='word_1_110' title='bbox 1540 872 1664 911; x_wconf 82' lang='lat' dir='ltr'><strong>verbo</strong></span> 
     </span>
     <span class='ocr_line' id='line_1_13' title="bbox 227 931 1663 983; baseline 0.001 -11"><span class='ocrx_word' id='word_1_111' title='bbox 227 933 373 982; x_wconf 81' lang='grc' dir='ltr'><strong><em>ξαίνειν</em></strong></span> <span class='ocrx_word' id='word_1_112' title='bbox 398 933 424 973; x_wconf 91' lang='lat' dir='ltr'><strong>i.</strong></span> <span class='ocrx_word' id='word_1_113' title='bbox 451 944 484 973; x_wconf 91' lang='lat' dir='ltr'><strong>e.</strong></span> <span class='ocrx_word' id='word_1_114' title='bbox 511 931 689 983; x_wconf 88' lang='lat' dir='ltr'><strong>laniare,</strong></span> <span class='ocrx_word' id='word_1_115' title='bbox 726 933 830 981; x_wconf 86' lang='lat' dir='ltr'><strong>quod</strong></span> <span class='ocrx_word' id='word_1_116' title='bbox 862 932 912 972; x_wconf 89' lang='lat' dir='ltr'><strong>de</strong></span> <span class='ocrx_word' id='word_1_117' title='bbox 948 933 1085 972; x_wconf 89' lang='lat' dir='ltr'><strong>eodem</strong></span> <span class='ocrx_word' id='word_1_118' title='bbox 1122 932 1303 972; x_wconf 89' lang='lat' dir='ltr'><strong>Pentheo</strong></span> <span class='ocrx_word' id='word_1_119' title='bbox 1337 943 1363 972; x_wconf 92' lang='lat' dir='ltr'><strong>a</strong></span> <span class='ocrx_word' id='word_1_120' title='bbox 1397 932 1663 973; x_wconf 86' lang='lat' dir='ltr'><strong>Maenadibus</strong></span> 
     </span>
     <span class='ocr_line' id='line_1_14' title="bbox 223 987 1612 1046; baseline 0.001 -12"><span class='ocrx_word' id='word_1_121' title='bbox 223 995 376 1035; x_wconf 87' lang='lat' dir='ltr'><strong>laniato</strong></span> <span class='ocrx_word' id='word_1_122' title='bbox 402 995 676 1034; x_wconf 81' lang='lat' dir='ltr'><strong>Philostratus</strong></span> <span class='ocrx_word' id='word_1_123' title='bbox 702 998 872 1043; x_wconf 83' lang='lat' dir='ltr'><strong>usurpat</strong></span> <span class='ocrx_word' id='word_1_124' title='bbox 897 995 1039 1045; x_wconf 90' lang='lat' dir='ltr'><strong>(Imag.</strong></span> <span class='ocrx_word' id='word_1_125' title='bbox 1066 995 1087 1034; x_wconf 94' lang='lat' dir='ltr'><strong>I</strong></span> <span class='ocrx_word' id='word_1_126' title='bbox 1107 995 1159 1042; x_wconf 70' lang='grc'><strong>18,</strong></span> <span class='ocrx_word' id='word_1_127' title='bbox 1175 987 1346 1045; x_wconf 84' lang='lat' dir='ltr'><strong>Kayser,</strong></span> <span class='ocrx_word' id='word_1_128' title='bbox 1372 995 1483 1035; x_wconf 84' lang='lat' dir='ltr'><strong>TGF</strong></span> <span class='ocrx_word' id='word_1_129' title='bbox 1509 996 1534 1035; x_wconf 95' lang='lat' dir='ltr'><strong>l.</strong></span> <span class='ocrx_word' id='word_1_130' title='bbox 1561 996 1612 1046; x_wconf 93' lang='lat' dir='ltr'><strong>l.).</strong></span> 
     </span>
    </p>
   </div>
   <div class='ocr_carea' id='block_1_3' title="bbox 217 1067 1665 2510">
    <p class='ocr_par' dir='ltr' id='par_1_3' title="bbox 217 1067 1665 2437">
     <span class='ocr_line' id='line_1_15' title="bbox 329 1067 1664 1119; baseline 0.001 -11"><span class='ocrx_word' id='word_1_131' title='bbox 329 1067 481 1119; x_wconf 82' lang='lat' dir='ltr'><strong>Quodsi</strong></span> <span class='ocrx_word' id='word_1_132' title='bbox 517 1067 809 1118; x_wconf 86' lang='lat' dir='ltr'><strong>Aristophanes</strong></span> <span class='ocrx_word' id='word_1_133' title='bbox 837 1067 1061 1118; x_wconf 84' lang='lat' dir='ltr'><strong>Byzantius</strong></span> <span class='ocrx_word' id='word_1_134' title='bbox 1094 1067 1137 1107; x_wconf 91' lang='lat' dir='ltr'><strong>in</strong></span> <span class='ocrx_word' id='word_1_135' title='bbox 1173 1067 1388 1118; x_wconf 85' lang='lat' dir='ltr'><strong>hypothesi</strong></span> <span class='ocrx_word' id='word_1_136' title='bbox 1413 1068 1664 1109; x_wconf 87' lang='lat' dir='ltr'><strong>Baccharum</strong></span> 
     </span>
     <span class='ocr_line' id='line_1_16' title="bbox 223 1128 1663 1183; baseline -0.001 -12"><span class='ocrx_word' id='word_1_137' title='bbox 223 1130 433 1181; x_wconf 83' lang='lat' dir='ltr'><strong>Euripidis</strong></span> <span class='ocrx_word' id='word_1_138' title='bbox 452 1131 642 1181; x_wconf 82' lang='lat' dir='ltr'><strong>praebet:</strong></span> <span class='ocrx_word' id='word_1_139' title='bbox 669 1129 719 1169; x_wconf 90' lang='grc' dir='ltr'><strong><em>Ἡ</em></strong></span> <span class='ocrx_word' id='word_1_140' title='bbox 731 1131 961 1181; x_wconf 82' lang='grc' dir='ltr'><strong><em>μυθοποιία</em></strong></span> <span class='ocrx_word' id='word_1_141' title='bbox 978 1136 1104 1169; x_wconf 84' lang='grc' dir='ltr'><strong><em>κεῖται</em></strong></span> <span class='ocrx_word' id='word_1_142' title='bbox 1122 1130 1222 1183; x_wconf 77' lang='grc' dir='ltr'><strong><em>παρ’</em></strong></span> <span class='ocrx_word' id='word_1_143' title='bbox 1240 1128 1426 1182; x_wconf 82' lang='grc' dir='ltr'><strong><em>Αἰσχύλῳ</em></strong></span> <span class='ocrx_word' id='word_1_144' title='bbox 1445 1128 1484 1169; x_wconf 76' lang='grc' dir='ltr'><strong>ἐν</strong></span> <span class='ocrx_word' id='word_1_145' title='bbox 1501 1133 1663 1175; x_wconf 84' lang='grc' dir='ltr'><strong><em>Πενθεῖ,</em></strong></span> 
     </span>
     <span class='ocr_line' id='line_1_17' title="bbox 225 1193 1663 1246; baseline 0 -11"><span class='ocrx_word' id='word_1_146' title='bbox 225 1194 416 1235; x_wconf 87' lang='lat' dir='ltr'><strong>Welcker</strong></span> <span class='ocrx_word' id='word_1_147' title='bbox 451 1193 550 1235; x_wconf 70' lang='lat' dir='ltr'><strong>Tra.</strong></span> <span class='ocrx_word' id='word_1_148' title='bbox 584 1207 621 1244; x_wconf 90' lang='lat' dir='ltr'><strong>p.</strong></span> <span class='ocrx_word' id='word_1_149' title='bbox 657 1194 736 1235; x_wconf 88' lang='lat'><strong>330</strong></span> <span class='ocrx_word' id='word_1_150' title='bbox 772 1194 837 1245; x_wconf 88' lang='lat' dir='ltr'><strong>(cf.</strong></span> <span class='ocrx_word' id='word_1_151' title='bbox 874 1194 998 1235; x_wconf 89' lang='lat' dir='ltr'><strong>etiam</strong></span> <span class='ocrx_word' id='word_1_152' title='bbox 1033 1193 1232 1243; x_wconf 75' lang='lat' dir='ltr'><strong>Nachtray</strong></span> <span class='ocrx_word' id='word_1_153' title='bbox 1246 1195 1260 1218; x_wconf 86' lang='lat'>¹</span> <span class='ocrx_word' id='word_1_154' title='bbox 1296 1208 1333 1244; x_wconf 89' lang='lat' dir='ltr'><strong>p.</strong></span> <span class='ocrx_word' id='word_1_155' title='bbox 1363 1195 1455 1246; x_wconf 89' lang='lat'>103)</span> <span class='ocrx_word' id='word_1_156' title='bbox 1494 1195 1663 1236; x_wconf 89' lang='lat' dir='ltr'><strong>Penthei</strong></span> 
     </span>
     <span class='ocr_line' id='line_1_18' title="bbox 223 1256 1665 1306; baseline -0.001 -9"><span class='ocrx_word' id='word_1_157' title='bbox 223 1267 361 1297; x_wconf 85' lang='lat' dir='ltr'><strong>vocem</strong></span> <span class='ocrx_word' id='word_1_158' title='bbox 387 1257 462 1303; x_wconf 85' lang='lat' dir='ltr'><strong>hoc</strong></span> <span class='ocrx_word' id='word_1_159' title='bbox 486 1257 573 1296; x_wconf 92' lang='lat' dir='ltr'><strong>loco</strong></span> <span class='ocrx_word' id='word_1_160' title='bbox 599 1268 672 1306; x_wconf 90' lang='lat' dir='ltr'><strong>pro</strong></span> <span class='ocrx_word' id='word_1_161' title='bbox 697 1259 786 1296; x_wconf 87' lang='lat' dir='ltr'><strong>tota</strong></span> <span class='ocrx_word' id='word_1_162' title='bbox 811 1256 979 1306; x_wconf 86' lang='lat' dir='ltr'><strong>trilogia</strong></span> <span class='ocrx_word' id='word_1_163' title='bbox 1005 1259 1238 1305; x_wconf 85' lang='lat' dir='ltr'><strong>usurpatam</strong></span> <span class='ocrx_word' id='word_1_164' title='bbox 1274 1268 1364 1296; x_wconf 87' lang='lat' dir='ltr'><strong>esse</strong></span> <span class='ocrx_word' id='word_1_165' title='bbox 1397 1257 1665 1306; x_wconf 84' lang='lat' dir='ltr'><strong>probabiliter</strong></span> 
     </span>
     <span class='ocr_line' id='line_1_19' title="bbox 223 1318 1661 1370; baseline 0 -11"><span class='ocrx_word' id='word_1_166' title='bbox 223 1318 404 1369; x_wconf 88' lang='lat' dir='ltr'><strong>coniecit,</strong></span> <span class='ocrx_word' id='word_1_167' title='bbox 439 1329 558 1368; x_wconf 89' lang='lat' dir='ltr'><strong>quam</strong></span> <span class='ocrx_word' id='word_1_168' title='bbox 585 1331 607 1359; x_wconf 93' lang='lat' dir='ltr'><strong>e</strong></span> <span class='ocrx_word' id='word_1_169' title='bbox 634 1318 802 1369; x_wconf 86' lang='lat' dir='ltr'><strong>Semela,</strong></span> <span class='ocrx_word' id='word_1_170' title='bbox 837 1318 1007 1359; x_wconf 88' lang='lat' dir='ltr'><strong>Bacchis</strong></span> <span class='ocrx_word' id='word_1_171' title='bbox 1034 1318 1159 1369; x_wconf 82' lang='lat' dir='ltr'><strong>(TGF</strong></span> <span class='ocrx_word' id='word_1_172' title='bbox 1187 1331 1222 1368; x_wconf 87' lang='lat' dir='ltr'><strong>p.</strong></span> <span class='ocrx_word' id='word_1_173' title='bbox 1249 1319 1301 1370; x_wconf 88' lang='lat'><strong>9),</strong></span> <span class='ocrx_word' id='word_1_174' title='bbox 1336 1318 1525 1359; x_wconf 88' lang='lat' dir='ltr'><strong>Xantriis</strong></span> <span class='ocrx_word' id='word_1_175' title='bbox 1561 1330 1661 1359; x_wconf 91' lang='lat' dir='ltr'><strong>com-</strong></span> 
     </span>
     <span class='ocr_line' id='line_1_20' title="bbox 222 1380 1662 1431; baseline 0.001 -10"><span class='ocrx_word' id='word_1_176' title='bbox 222 1381 395 1431; x_wconf 88' lang='lat' dir='ltr'><strong>positam</strong></span> <span class='ocrx_word' id='word_1_177' title='bbox 422 1392 510 1421; x_wconf 89' lang='lat' dir='ltr'><strong>esse</strong></span> <span class='ocrx_word' id='word_1_178' title='bbox 536 1380 673 1421; x_wconf 87' lang='lat' dir='ltr'><strong>voluit.</strong></span> <span class='ocrx_word' id='word_1_179' title='bbox 726 1381 808 1421; x_wconf 86' lang='lat' dir='ltr'><strong>Res</strong></span> <span class='ocrx_word' id='word_1_180' title='bbox 836 1384 968 1421; x_wconf 89' lang='lat' dir='ltr'><strong>autem</strong></span> <span class='ocrx_word' id='word_1_181' title='bbox 998 1381 1050 1421; x_wconf 90' lang='lat' dir='ltr'><strong>ad</strong></span> <span class='ocrx_word' id='word_1_182' title='bbox 1077 1381 1301 1421; x_wconf 88' lang='lat' dir='ltr'><strong>Pentheum</strong></span> <span class='ocrx_word' id='word_1_183' title='bbox 1337 1381 1592 1430; x_wconf 85' lang='lat' dir='ltr'><strong>pertinentes</strong></span> <span class='ocrx_word' id='word_1_184' title='bbox 1618 1382 1662 1422; x_wconf 89' lang='lat' dir='ltr'><strong>in</strong></span> 
     </span>
     <span class='ocr_line' id='line_1_21' title="bbox 222 1443 1661 1494; baseline 0.001 -11"><span class='ocrx_word' id='word_1_185' title='bbox 222 1445 380 1483; x_wconf 90' lang='lat' dir='ltr'><strong>duabus</strong></span> <span class='ocrx_word' id='word_1_186' title='bbox 406 1444 525 1483; x_wconf 87' lang='lat' dir='ltr'><strong>huius</strong></span> <span class='ocrx_word' id='word_1_187' title='bbox 549 1443 739 1493; x_wconf 83' lang='lat' dir='ltr'><strong>trilogiae</strong></span> <span class='ocrx_word' id='word_1_188' title='bbox 766 1443 928 1494; x_wconf 84' lang='lat' dir='ltr'><strong>fabulis,</strong></span> <span class='ocrx_word' id='word_1_189' title='bbox 955 1443 997 1483; x_wconf 90' lang='lat' dir='ltr'><strong>in</strong></span> <span class='ocrx_word' id='word_1_190' title='bbox 1017 1444 1188 1483; x_wconf 86' lang='lat' dir='ltr'><strong>Bacchis</strong></span> <span class='ocrx_word' id='word_1_191' title='bbox 1216 1448 1258 1483; x_wconf 91' lang='lat' dir='ltr'><strong>et</strong></span> <span class='ocrx_word' id='word_1_192' title='bbox 1275 1443 1464 1484; x_wconf 88' lang='lat' dir='ltr'><strong>Xantriis</strong></span> <span class='ocrx_word' id='word_1_193' title='bbox 1491 1444 1661 1484; x_wconf 86' lang='lat' dir='ltr'><strong>infuisse</strong></span> 
     </span>
     <span class='ocr_line' id='line_1_22' title="bbox 220 1504 1661 1557; baseline 0.001 -12"><span class='ocrx_word' id='word_1_194' title='bbox 220 1504 326 1545; x_wconf 90' lang='lat' dir='ltr'><strong>idem</strong></span> <span class='ocrx_word' id='word_1_195' title='bbox 371 1504 537 1545; x_wconf 90' lang='lat' dir='ltr'><strong>censuit.</strong></span> <span class='ocrx_word' id='word_1_196' title='bbox 608 1505 686 1546; x_wconf 88' lang='lat' dir='ltr'><strong>Sed</strong></span> <span class='ocrx_word' id='word_1_197' title='bbox 733 1504 854 1545; x_wconf 90' lang='lat' dir='ltr'><strong>etiam</strong></span> <span class='ocrx_word' id='word_1_198' title='bbox 891 1506 1113 1546; x_wconf 90' lang='lat' dir='ltr'><strong>Pentheum</strong></span> <span class='ocrx_word' id='word_1_199' title='bbox 1149 1506 1400 1556; x_wconf 86' lang='lat' dir='ltr'><strong>tragoediam</strong></span> <span class='ocrx_word' id='word_1_200' title='bbox 1436 1506 1661 1557; x_wconf 88' lang='lat' dir='ltr'><strong>Aeschylus</strong></span> 
     </span>
     <span class='ocr_line' id='line_1_23' title="bbox 222 1568 1659 1621; baseline 0.001 -12"><span class='ocrx_word' id='word_1_201' title='bbox 222 1568 468 1619; x_wconf 89' lang='lat' dir='ltr'><strong>conscripsit,</strong></span> <span class='ocrx_word' id='word_1_202' title='bbox 484 1571 605 1618; x_wconf 86' lang='lat' dir='ltr'><strong>atque</strong></span> <span class='ocrx_word' id='word_1_203' title='bbox 621 1568 739 1618; x_wconf 87' lang='lat' dir='ltr'><strong>plane</strong></span> <span class='ocrx_word' id='word_1_204' title='bbox 754 1579 779 1608; x_wconf 89' lang='lat' dir='ltr'><strong>a</strong></span> <span class='ocrx_word' id='word_1_205' title='bbox 796 1580 893 1610; x_wconf 87' lang='lat' dir='ltr'><strong>vero</strong></span> <span class='ocrx_word' id='word_1_206' title='bbox 907 1569 1117 1609; x_wconf 86' lang='lat' dir='ltr'><strong>aberravit</strong></span> <span class='ocrx_word' id='word_1_207' title='bbox 1132 1568 1332 1620; x_wconf 83' lang='lat' dir='ltr'><strong>Welcker,</strong></span> <span class='ocrx_word' id='word_1_208' title='bbox 1347 1581 1436 1610; x_wconf 90' lang='lat' dir='ltr'><strong>cum</strong></span> <span class='ocrx_word' id='word_1_209' title='bbox 1450 1569 1659 1621; x_wconf 83' lang='lat' dir='ltr'><strong>Galenum,</strong></span> 
     </span>
     <span class='ocr_line' id='line_1_24' title="bbox 223 1629 1658 1681; baseline 0.001 -10"><span class='ocrx_word' id='word_1_210' title='bbox 223 1631 292 1681; x_wconf 91' lang='lat' dir='ltr'><strong>qui</strong></span> <span class='ocrx_word' id='word_1_211' title='bbox 319 1629 443 1671; x_wconf 89' lang='lat' dir='ltr'><strong>XVII</strong></span> <span class='ocrx_word' id='word_1_212' title='bbox 471 1632 492 1671; x_wconf 83' lang='lat'>1</span> <span class='ocrx_word' id='word_1_213' title='bbox 521 1642 559 1680; x_wconf 89' lang='lat' dir='ltr'><strong>p.</strong></span> <span class='ocrx_word' id='word_1_214' title='bbox 587 1631 665 1672; x_wconf 91' lang='grc'><strong>880</strong></span> <span class='ocrx_word' id='word_1_215' title='bbox 691 1630 879 1672; x_wconf 87' lang='lat' dir='ltr'><strong>editionis</strong></span> <span class='ocrx_word' id='word_1_216' title='bbox 905 1630 1170 1672; x_wconf 85' lang='lat' dir='ltr'><strong>Kuehnianae</strong></span> <span class='ocrx_word' id='word_1_217' title='bbox 1198 1634 1241 1672; x_wconf 89' lang='lat' dir='ltr'><strong>et</strong></span> <span class='ocrx_word' id='word_1_218' title='bbox 1258 1632 1459 1672; x_wconf 89' lang='lat' dir='ltr'><strong>Xantrias</strong></span> <span class='ocrx_word' id='word_1_219' title='bbox 1486 1635 1528 1672; x_wconf 91' lang='lat' dir='ltr'><strong>et</strong></span> <span class='ocrx_word' id='word_1_220' title='bbox 1556 1633 1658 1673; x_wconf 88' lang='lat' dir='ltr'><strong>Pen-</strong></span> 
     </span>
     <span class='ocr_line' id='line_1_25' title="bbox 219 1693 1657 1747; baseline 0 -13"><span class='ocrx_word' id='word_1_221' title='bbox 219 1694 356 1734; x_wconf 89' lang='lat' dir='ltr'><strong>theum</strong></span> <span class='ocrx_word' id='word_1_222' title='bbox 386 1697 432 1734; x_wconf 92' lang='lat' dir='ltr'><strong>ut</strong></span> <span class='ocrx_word' id='word_1_223' title='bbox 458 1695 557 1747; x_wconf 86' lang='lat' dir='ltr'><strong>duas</strong></span> <span class='ocrx_word' id='word_1_224' title='bbox 583 1693 818 1744; x_wconf 80' lang='lat' dir='ltr'><strong>tragoedias</strong></span> <span class='ocrx_word' id='word_1_225' title='bbox 845 1693 976 1745; x_wconf 85' lang='lat' dir='ltr'><strong>affert,</strong></span> <span class='ocrx_word' id='word_1_226' title='bbox 1013 1694 1117 1735; x_wconf 88' lang='lat' dir='ltr'><strong>falso</strong></span> <span class='ocrx_word' id='word_1_227' title='bbox 1144 1694 1369 1735; x_wconf 90' lang='lat' dir='ltr'><strong>Pentheum</strong></span> <span class='ocrx_word' id='word_1_228' title='bbox 1405 1694 1657 1745; x_wconf 86' lang='lat' dir='ltr'><strong>tragoediam</strong></span> 
     </span>
     <span class='ocr_line' id='line_1_26' title="bbox 220 1755 1658 1808; baseline 0.001 -12"><span class='ocrx_word' id='word_1_229' title='bbox 220 1767 300 1797; x_wconf 92' lang='lat' dir='ltr'><strong>non</strong></span> <span class='ocrx_word' id='word_1_230' title='bbox 317 1755 522 1807; x_wconf 87' lang='lat' dir='ltr'><strong>trilogiam</strong></span> <span class='ocrx_word' id='word_1_231' title='bbox 540 1756 730 1797; x_wconf 88' lang='lat' dir='ltr'><strong>laudasse</strong></span> <span class='ocrx_word' id='word_1_232' title='bbox 748 1756 1001 1797; x_wconf 88' lang='lat' dir='ltr'><strong>existimaret</strong></span> <span class='ocrx_word' id='word_1_233' title='bbox 1020 1756 1264 1806; x_wconf 86' lang='lat' dir='ltr'><strong>dubiumque</strong></span> <span class='ocrx_word' id='word_1_234' title='bbox 1281 1768 1370 1797; x_wconf 92' lang='lat' dir='ltr'><strong>esse</strong></span> <span class='ocrx_word' id='word_1_235' title='bbox 1387 1758 1658 1808; x_wconf 88' lang='lat' dir='ltr'><strong>contenderet,</strong></span> 
     </span>
     <span class='ocr_line' id='line_1_27' title="bbox 220 1819 1660 1870; baseline 0.001 -12"><span class='ocrx_word' id='word_1_236' title='bbox 220 1822 355 1859; x_wconf 86' lang='lat' dir='ltr'><strong>utrum</strong></span> <span class='ocrx_word' id='word_1_237' title='bbox 381 1819 425 1858; x_wconf 91' lang='lat' dir='ltr'><strong>in</strong></span> <span class='ocrx_word' id='word_1_238' title='bbox 448 1819 677 1859; x_wconf 88' lang='lat' dir='ltr'><strong>fabularum</strong></span> <span class='ocrx_word' id='word_1_239' title='bbox 705 1820 901 1869; x_wconf 88' lang='lat' dir='ltr'><strong>catalogo,</strong></span> <span class='ocrx_word' id='word_1_240' title='bbox 929 1820 998 1868; x_wconf 90' lang='lat' dir='ltr'><strong>qui</strong></span> <span class='ocrx_word' id='word_1_241' title='bbox 1014 1820 1131 1859; x_wconf 88' lang='lat' dir='ltr'><strong>nobis</strong></span> <span class='ocrx_word' id='word_1_242' title='bbox 1158 1824 1347 1860; x_wconf 85' lang='lat' dir='ltr'><strong>servatus</strong></span> <span class='ocrx_word' id='word_1_243' title='bbox 1375 1824 1439 1860; x_wconf 89' lang='lat' dir='ltr'><strong>est</strong></span> <span class='ocrx_word' id='word_1_244' title='bbox 1455 1819 1521 1870; x_wconf 88' lang='lat' dir='ltr'><strong>(cf.</strong></span> <span class='ocrx_word' id='word_1_245' title='bbox 1538 1832 1660 1869; x_wconf 87' lang='lat' dir='ltr'><strong>supra</strong></span> 
     </span>
     <span class='ocr_line' id='line_1_28' title="bbox 219 1881 1658 1934; baseline 0.002 -14"><span class='ocrx_word' id='word_1_246' title='bbox 219 1893 257 1932; x_wconf 83' lang='lat' dir='ltr'><strong>p.</strong></span> <span class='ocrx_word' id='word_1_247' title='bbox 284 1881 354 1934; x_wconf 80' lang='lat'><strong>9)¹</strong></span> <span class='ocrx_word' id='word_1_248' title='bbox 398 1885 442 1922; x_wconf 90' lang='lat' dir='ltr'><strong>et</strong></span> <span class='ocrx_word' id='word_1_249' title='bbox 477 1881 702 1922; x_wconf 90' lang='lat' dir='ltr'><strong>Pentheum</strong></span> <span class='ocrx_word' id='word_1_250' title='bbox 746 1881 949 1934; x_wconf 91' lang='lat' dir='ltr'><strong>nominat,</strong></span> <span class='ocrx_word' id='word_1_251' title='bbox 991 1881 1156 1933; x_wconf 84' lang='lat' dir='ltr'><strong>trilogia</strong></span> <span class='ocrx_word' id='word_1_252' title='bbox 1198 1894 1249 1923; x_wconf 87' lang='lat' dir='ltr'><strong>an</strong></span> <span class='ocrx_word' id='word_1_253' title='bbox 1285 1882 1497 1932; x_wconf 79' lang='lat' dir='ltr'><strong>tragoedia</strong></span> <span class='ocrx_word' id='word_1_254' title='bbox 1535 1882 1658 1934; x_wconf 86' lang='lat' dir='ltr'><strong>signi-</strong></span> 
     </span>
     <span class='ocr_line' id='line_1_29' title="bbox 219 1944 1659 1999; baseline 0.001 -15"><span class='ocrx_word' id='word_1_255' title='bbox 219 1944 422 1984; x_wconf 83' lang='lat' dir='ltr'><strong>ficaretur.</strong></span> <span class='ocrx_word' id='word_1_256' title='bbox 475 1944 579 1984; x_wconf 92' lang='lat' dir='ltr'><strong>Nam</strong></span> <span class='ocrx_word' id='word_1_257' title='bbox 605 1945 648 1984; x_wconf 95' lang='lat' dir='ltr'><strong>in</strong></span> <span class='ocrx_word' id='word_1_258' title='bbox 676 1945 860 1995; x_wconf 87' lang='lat' dir='ltr'><strong>catalogo</strong></span> <span class='ocrx_word' id='word_1_259' title='bbox 895 1945 964 1985; x_wconf 92' lang='lat' dir='ltr'><strong>illo</strong></span> <span class='ocrx_word' id='word_1_260' title='bbox 992 1946 1100 1985; x_wconf 89' lang='lat' dir='ltr'><strong>solae</strong></span> <span class='ocrx_word' id='word_1_261' title='bbox 1119 1946 1363 1999; x_wconf 21' lang='lat' dir='ltr'><strong>‘tragoediae</strong></span> <span class='ocrx_word' id='word_1_262' title='bbox 1401 1946 1469 1986; x_wconf 83' lang='lat' dir='ltr'><strong>vel</strong></span> <span class='ocrx_word' id='word_1_263' title='bbox 1496 1946 1659 1985; x_wconf 85' lang='lat' dir='ltr'><strong>fabulae</strong></span> 
     </span>
     <span class='ocr_line' id='line_1_30' title="bbox 220 2006 1659 2058; baseline 0.001 -11"><span class='ocrx_word' id='word_1_264' title='bbox 220 2006 422 2057; x_wconf 85' lang='lat' dir='ltr'><strong>satyricae</strong></span> <span class='ocrx_word' id='word_1_265' title='bbox 459 2018 508 2047; x_wconf 88' lang='lat' dir='ltr'><strong>ac</strong></span> <span class='ocrx_word' id='word_1_266' title='bbox 533 2018 586 2047; x_wconf 92' lang='lat' dir='ltr'><strong>ne</strong></span> <span class='ocrx_word' id='word_1_267' title='bbox 613 2018 695 2047; x_wconf 91' lang='lat' dir='ltr'><strong>una</strong></span> <span class='ocrx_word' id='word_1_268' title='bbox 722 2007 880 2057; x_wconf 90' lang='lat' dir='ltr'><strong>quidem</strong></span> <span class='ocrx_word' id='word_1_269' title='bbox 916 2007 1082 2058; x_wconf 87' lang='lat' dir='ltr'><strong>trilogia</strong></span> <span class='ocrx_word' id='word_1_270' title='bbox 1110 2012 1465 2048; x_wconf 87' lang='lat' dir='ltr'><strong>commemorantur</strong></span> <span class='ocrx_word' id='word_1_271' title='bbox 1491 2007 1659 2057; x_wconf 88' lang='lat' dir='ltr'><strong>ideoque</strong></span> 
     </span>
     <span class='ocr_line' id='line_1_31' title="bbox 218 2069 1658 2120; baseline 0.001 -11"><span class='ocrx_word' id='word_1_272' title='bbox 218 2069 306 2109; x_wconf 85' lang='lat' dir='ltr'><strong>illic</strong></span> <span class='ocrx_word' id='word_1_273' title='bbox 332 2069 582 2119; x_wconf 86' lang='lat' dir='ltr'><strong>tragoediam</strong></span> <span class='ocrx_word' id='word_1_274' title='bbox 600 2069 825 2110; x_wconf 86' lang='lat' dir='ltr'><strong>Pentheum</strong></span> <span class='ocrx_word' id='word_1_275' title='bbox 849 2081 937 2111; x_wconf 87' lang='lat' dir='ltr'><strong>esse</strong></span> <span class='ocrx_word' id='word_1_276' title='bbox 963 2071 1129 2110; x_wconf 88' lang='lat' dir='ltr'><strong>allatam</strong></span> <span class='ocrx_word' id='word_1_277' title='bbox 1148 2071 1238 2110; x_wconf 90' lang='lat' dir='ltr'><strong>luce</strong></span> <span class='ocrx_word' id='word_1_278' title='bbox 1266 2071 1412 2110; x_wconf 86' lang='lat' dir='ltr'><strong>clarius</strong></span> <span class='ocrx_word' id='word_1_279' title='bbox 1440 2073 1505 2110; x_wconf 86' lang='lat' dir='ltr'><strong>est</strong></span> <span class='ocrx_word' id='word_1_280' title='bbox 1530 2081 1658 2120; x_wconf 88' lang='lat' dir='ltr'><strong>neque</strong></span> 
     </span>
     <span class='ocr_line' id='line_1_32' title="bbox 218 2131 1657 2184; baseline 0.001 -12"><span class='ocrx_word' id='word_1_281' title='bbox 218 2132 422 2183; x_wconf 85' lang='lat' dir='ltr'><strong>habemus,</strong></span> <span class='ocrx_word' id='word_1_282' title='bbox 449 2133 554 2182; x_wconf 86' lang='lat' dir='ltr'><strong>quod</strong></span> <span class='ocrx_word' id='word_1_283' title='bbox 570 2131 677 2172; x_wconf 86' lang='lat' dir='ltr'><strong>falsa</strong></span> <span class='ocrx_word' id='word_1_284' title='bbox 695 2132 738 2172; x_wconf 90' lang='lat' dir='ltr'><strong>in</strong></span> <span class='ocrx_word' id='word_1_285' title='bbox 759 2133 945 2184; x_wconf 83' lang='lat' dir='ltr'><strong>catalogo</strong></span> <span class='ocrx_word' id='word_1_286' title='bbox 962 2133 1149 2183; x_wconf 88' lang='lat' dir='ltr'><strong>praeberi</strong></span> <span class='ocrx_word' id='word_1_287' title='bbox 1168 2144 1408 2173; x_wconf 89' lang='lat' dir='ltr'><strong>censeamus.</strong></span> <span class='ocrx_word' id='word_1_288' title='bbox 1461 2132 1657 2183; x_wconf 85' lang='lat' dir='ltr'><strong>Quoniam</strong></span> 
     </span>
     <span class='ocr_line' id='line_1_33' title="bbox 219 2193 1658 2243; baseline 0.001 -10"><span class='ocrx_word' id='word_1_289' title='bbox 219 2193 348 2243; x_wconf 77' lang='lat' dir='ltr'><strong>igitur</strong></span> <span class='ocrx_word' id='word_1_290' title='bbox 383 2195 506 2234; x_wconf 90' lang='lat' dir='ltr'><strong>etiam</strong></span> <span class='ocrx_word' id='word_1_291' title='bbox 541 2195 585 2234; x_wconf 91' lang='lat' dir='ltr'><strong>in</strong></span> <span class='ocrx_word' id='word_1_292' title='bbox 611 2195 800 2235; x_wconf 88' lang='lat' dir='ltr'><strong>Xantriis</strong></span> <span class='ocrx_word' id='word_1_293' title='bbox 837 2197 886 2235; x_wconf 90' lang='lat' dir='ltr'><strong>de</strong></span> <span class='ocrx_word' id='word_1_294' title='bbox 913 2196 1094 2236; x_wconf 90' lang='lat' dir='ltr'><strong>Pentheo</strong></span> <span class='ocrx_word' id='word_1_295' title='bbox 1125 2199 1257 2235; x_wconf 88' lang='lat' dir='ltr'><strong>actum</strong></span> <span class='ocrx_word' id='word_1_296' title='bbox 1292 2195 1420 2235; x_wconf 89' lang='lat' dir='ltr'><strong>fuisse</strong></span> <span class='ocrx_word' id='word_1_297' title='bbox 1454 2207 1534 2235; x_wconf 87' lang='lat' dir='ltr'><strong>non</strong></span> <span class='ocrx_word' id='word_1_298' title='bbox 1570 2196 1658 2235; x_wconf 89' lang='lat' dir='ltr'><strong>sine</strong></span> 
     </span>
     <span class='ocr_line' id='line_1_34' title="bbox 218 2256 1657 2310; baseline 0.001 -12"><span class='ocrx_word' id='word_1_299' title='bbox 218 2256 307 2298; x_wconf 88' lang='lat' dir='ltr'><strong>veri</strong></span> <span class='ocrx_word' id='word_1_300' title='bbox 324 2257 457 2308; x_wconf 88' lang='lat' dir='ltr'><strong>specie</strong></span> <span class='ocrx_word' id='word_1_301' title='bbox 474 2257 556 2298; x_wconf 86' lang='lat' dir='ltr'><strong>viri</strong></span> <span class='ocrx_word' id='word_1_302' title='bbox 575 2257 682 2298; x_wconf 91' lang='lat' dir='ltr'><strong>docti</strong></span> <span class='ocrx_word' id='word_1_303' title='bbox 700 2258 993 2306; x_wconf 84' lang='lat' dir='ltr'><strong>concluserunt,</strong></span> <span class='ocrx_word' id='word_1_304' title='bbox 1011 2258 1228 2301; x_wconf 87' lang='lat' dir='ltr'><strong>verisimile</strong></span> <span class='ocrx_word' id='word_1_305' title='bbox 1246 2258 1293 2298; x_wconf 91' lang='lat' dir='ltr'><strong>fit</strong></span> <span class='ocrx_word' id='word_1_306' title='bbox 1310 2258 1482 2299; x_wconf 87' lang='lat' dir='ltr'><strong>Penthei</strong></span> <span class='ocrx_word' id='word_1_307' title='bbox 1497 2262 1657 2310; x_wconf 85' lang='lat' dir='ltr'><strong>sortem,</strong></span> 
     </span>
     <span class='ocr_line' id='line_1_35' title="bbox 219 2319 1657 2372; baseline 0.002 -13"><span class='ocrx_word' id='word_1_308' title='bbox 219 2322 267 2359; x_wconf 86' lang='lat' dir='ltr'><strong>nt</strong></span> <span class='ocrx_word' id='word_1_309' title='bbox 293 2319 372 2359; x_wconf 88' lang='lat' dir='ltr'><strong>iam</strong></span> <span class='ocrx_word' id='word_1_310' title='bbox 399 2319 592 2360; x_wconf 88' lang='lat' dir='ltr'><strong>Welcker</strong></span> <span class='ocrx_word' id='word_1_311' title='bbox 618 2321 758 2372; x_wconf 87' lang='lat' dir='ltr'><strong>voluit,</strong></span> <span class='ocrx_word' id='word_1_312' title='bbox 785 2323 943 2362; x_wconf 88' lang='lat' dir='ltr'><strong>duabus</strong></span> <span class='ocrx_word' id='word_1_313' title='bbox 959 2321 1108 2362; x_wconf 85' lang='lat' dir='ltr'><strong>fabulis</strong></span> <span class='ocrx_word' id='word_1_314' title='bbox 1132 2321 1184 2361; x_wconf 92' lang='lat' dir='ltr'><strong>ab</strong></span> <span class='ocrx_word' id='word_1_315' title='bbox 1211 2322 1411 2371; x_wconf 89' lang='lat' dir='ltr'><strong>Aeschylo</strong></span> <span class='ocrx_word' id='word_1_316' title='bbox 1438 2325 1657 2362; x_wconf 86' lang='lat' dir='ltr'><strong>tractatam</strong></span> 
     </span>
     <span class='ocr_line' id='line_1_36' title="bbox 217 2375 1658 2437; baseline 0.002 -15"><span class='ocrx_word' id='word_1_317' title='bbox 217 2392 321 2432; x_wconf 86' lang='lat' dir='ltr'><strong>esse,</strong></span> <span class='ocrx_word' id='word_1_318' title='bbox 347 2383 419 2422; x_wconf 85' lang='lat' dir='ltr'><strong>sed</strong></span> <span class='ocrx_word' id='word_1_319' title='bbox 446 2393 524 2423; x_wconf 91' lang='lat' dir='ltr'><strong>non</strong></span> <span class='ocrx_word' id='word_1_320' title='bbox 543 2375 716 2424; x_wconf 83' lang='lat' dir='ltr'><strong>Bacchis</strong></span> <span class='ocrx_word' id='word_1_321' title='bbox 744 2387 787 2425; x_wconf 90' lang='lat' dir='ltr'><strong>et</strong></span> <span class='ocrx_word' id='word_1_322' title='bbox 803 2384 992 2425; x_wconf 87' lang='lat' dir='ltr'><strong>Xantriis</strong></span> <span class='ocrx_word' id='word_1_323' title='bbox 1018 2395 1156 2425; x_wconf 90' lang='lat' dir='ltr'><strong>verum</strong></span> <span class='ocrx_word' id='word_1_324' title='bbox 1179 2383 1361 2425; x_wconf 90' lang='lat' dir='ltr'><strong>Pentheo</strong></span> <span class='ocrx_word' id='word_1_325' title='bbox 1390 2387 1430 2425; x_wconf 93' lang='lat' dir='ltr'><strong>et</strong></span> <span class='ocrx_word' id='word_1_326' title='bbox 1457 2384 1658 2437; x_wconf 89' lang='lat' dir='ltr'><strong>Xantriis,</strong></span> 
     </span>
    </p>

    <p class='ocr_par' dir='ltr' id='par_1_4' title="bbox 327 2464 1655 2510">
     <span class='ocr_line' id='line_1_37' title="bbox 327 2464 1655 2510; baseline 0.002 -12"><span class='ocrx_word' id='word_1_327' title='bbox 327 2464 339 2484; x_wconf 84' lang='lat'><em>²</em></span> <span class='ocrx_word' id='word_1_328' title='bbox 360 2464 534 2506; x_wconf 74' lang='lat' dir='ltr'><strong>Nachtray</strong></span> <span class='ocrx_word' id='word_1_329' title='bbox 543 2474 606 2497; x_wconf 81' lang='lat' dir='ltr'><strong>zur</strong></span> <span class='ocrx_word' id='word_1_330' title='bbox 615 2465 860 2508; x_wconf 65' lang='lat' dir='ltr'><strong>aeschyuschen</strong></span> <span class='ocrx_word' id='word_1_331' title='bbox 872 2467 1016 2510; x_wconf 71' lang='lat' dir='ltr'><strong>Yn&#39;loqie</strong></span> <span class='ocrx_word' id='word_1_332' title='bbox 1023 2466 1249 2509; x_wconf 67' lang='lat' dir='ltr'><strong>Prometheus,</strong></span> <span class='ocrx_word' id='word_1_333' title='bbox 1260 2466 1458 2510; x_wconf 73' lang='lat' dir='ltr'><strong>ankfmt</strong></span> <span class='ocrx_word' id='word_1_334' title='bbox 1466 2478 1497 2501; x_wconf 82' lang='lat' dir='ltr'><strong>a.</strong></span> <span class='ocrx_word' id='word_1_335' title='bbox 1506 2468 1556 2501; x_wconf 78' lang='lat' dir='ltr'><strong>M.</strong></span> <span class='ocrx_word' id='word_1_336' title='bbox 1567 2468 1655 2502; x_wconf 75' lang='lat'><strong>1826.</strong></span> 
     </span>
    </p>
   </div>
   <div class='ocr_carea' id='block_1_4' title="bbox 219 2516 1656 2611">
    <p class='ocr_par' dir='ltr' id='par_1_5' title="bbox 219 2516 1656 2611">
     <span class='ocr_line' id='line_1_38' title="bbox 326 2516 1656 2563; baseline 0.002 -12"><span class='ocrx_word' id='word_1_337' title='bbox 326 2516 340 2536; x_wconf 80' lang='lat'>⁸</span> <span class='ocrx_word' id='word_1_338' title='bbox 360 2517 401 2552; x_wconf 88' lang='lat' dir='ltr'><strong>V.</strong></span> <span class='ocrx_word' id='word_1_339' title='bbox 431 2516 534 2550; x_wconf 81' lang='lat' dir='ltr'><strong>etiam</strong></span> <span class='ocrx_word' id='word_1_340' title='bbox 562 2517 603 2550; x_wconf 81' lang='lat' dir='ltr'><strong>A.</strong></span> <span class='ocrx_word' id='word_1_341' title='bbox 625 2516 796 2552; x_wconf 81' lang='lat' dir='ltr'><strong>Dieterich</strong></span> <span class='ocrx_word' id='word_1_342' title='bbox 824 2518 893 2553; x_wconf 79' lang='lat' dir='ltr'><strong>Die</strong></span> <span class='ocrx_word' id='word_1_343' title='bbox 914 2519 1002 2553; x_wconf 80' lang='lat' dir='ltr'><strong>Zahl</strong></span> <span class='ocrx_word' id='word_1_344' title='bbox 1028 2518 1088 2552; x_wconf 82' lang='lat' dir='ltr'><strong>der</strong></span> <span class='ocrx_word' id='word_1_345' title='bbox 1109 2518 1265 2553; x_wconf 79' lang='lat' dir='ltr'><strong>Dramm</strong></span> <span class='ocrx_word' id='word_1_346' title='bbox 1293 2519 1349 2553; x_wconf 71' lang='lat' dir='ltr'><strong>dea</strong></span> <span class='ocrx_word' id='word_1_347' title='bbox 1369 2519 1547 2563; x_wconf 57' lang='lat' dir='ltr'><strong>Aeschylos</strong></span> <span class='ocrx_word' id='word_1_348' title='bbox 1574 2521 1656 2555; x_wconf 75' lang='lat' dir='ltr'><strong>Mus.</strong></span> 
     </span>
     <span class='ocr_line' id='line_1_39' title="bbox 219 2568 719 2611; baseline 0.002 -9"><span class='ocrx_word' id='word_1_349' title='bbox 219 2569 325 2603; x_wconf 80' lang='lat' dir='ltr'><strong>Rhen.</strong></span> <span class='ocrx_word' id='word_1_350' title='bbox 348 2568 495 2603; x_wconf 86' lang='lat' dir='ltr'><strong>XLVIII</strong></span> <span class='ocrx_word' id='word_1_351' title='bbox 517 2568 625 2611; x_wconf 86' lang='grc'>(1893)</span> <span class='ocrx_word' id='word_1_352' title='bbox 648 2569 719 2603; x_wconf 87' lang='grc'>143.</span> 
     </span>
    </p>
   </div>
   <div class='ocr_carea' id='block_1_5' title="bbox 219 2446 470 2453">
    <p class='ocr_par' dir='ltr' id='par_1_6' title="bbox 219 2446 470 2453">
     <span class='ocr_line' id='line_1_40' title="bbox 219 2446 470 2453; baseline 0 0"><span class='ocrx_word' id='word_1_353' title='bbox 219 2446 470 2453; x_wconf 95' lang='lat' dir='ltr'><strong> </strong></span> 
     </span>
    </p>
   </div>
   <div class='ocr_carea' id='block_1_6' title="bbox 1427 2624 1466 2656">
    <p class='ocr_par' dir='ltr' id='par_1_7' title="bbox 1427 2624 1466 2656">
     <span class='ocr_line' id='line_1_41' title="bbox 1427 2624 1466 2656; baseline 0 -10"><span class='ocrx_word' id='word_1_354' title='bbox 1427 2624 1466 2656; x_wconf 77' lang='grc'><strong>2*</strong></span> 
     </span>
    </p>
   </div>
  </div>
 </body>
</html>
