1990 2959
318 161 367 201 12
912 160 1030 194 Ericus
1051 161 1173 194 Muller

317 265 588 304 Athenienses
616 277 641 304 a
666 265 855 305 Minerva
881 265 1179 306 necessitudine
1203 267 1376 314 quadam
1395 265 1672 306 intercedente
1695 268 1765 306 ad-

318 329 525 379 vocentur,
543 338 686 378 nempe
705 330 752 368 ut
770 326 962 368 iudicium
981 328 1031 368 de
1050 327 1196 370 Oresta
1214 327 1361 369 ferant.
1414 326 1494 368 Sed
1512 327 1636 369 etiam
1655 332 1767 370 certo

317 390 471 430 veteris
486 390 695 430 cuiusdam
709 390 941 431 testimonio
955 394 1143 431 vetamur
1156 391 1198 431 in
1213 391 1435 442 Igniferum
1449 391 1628 431 homines
1638 392 1765 432 intro-

319 454 478 505 ducere,
503 464 592 494 cum
619 453 663 494 in
682 453 819 494 codice
847 453 1027 495 Mediceo
1052 455 1105 495 ad
1123 454 1314 506 Aeschyli
1333 454 1462 495 vitam
1482 454 1676 495 addatur:
1702 453 1766 493 Ἐκ

317 522 389 569 τῆς
409 521 596 568 μουσικῆς
615 515 810 569 ἱστορίας·
837 517 956 568 ταύτῃ
983 517 1050 556 καὶ
1070 517 1231 570 ἄριστος
1249 516 1306 564 εἰς
1332 516 1555 569 τραγῳδίαν
1572 516 1767 566 Αἰσχύλος

317 581 503 631 κρίνεται,
532 578 595 619 ὅτι
622 577 772 631 εἰσάγει
810 579 1016 632 πρόσωπα
1042 580 1193 631 μεγάλα
1228 580 1295 620 καὶ
1322 579 1520 633 ἀξιόχρεα.
1573 581 1642 619 καί
1666 593 1770 627 τινες

319 642 393 695 ἤδη
422 649 504 681 τῶν
538 642 769 695 τραγῳδιῶν
802 643 908 694 αὐτῷ
947 642 1014 682 διὰ
1049 644 1181 694 μόνων
1218 643 1433 696 (δαιμόνων
1470 655 1680 694 perperam
1714 646 1767 688 M,

319 707 473 746 emend.
492 706 767 758 Robortellus)
795 703 1092 756 οἰκονομοῦνται
1118 707 1227 745 θεῶν
1250 707 1440 758 καθάπερ
1459 704 1499 745 οἱ
1517 707 1765 759 Προμηθεῖς·

318 769 368 808 τὰ
395 768 470 820 γὰρ
504 767 684 820 δράματα
720 769 1018 821 συμπληροῦσιν
1053 769 1093 808 οἱ
1129 770 1395 821 πρεσβύτατοι
1430 776 1507 808 τῶν
1542 771 1664 819 θεῶν,
1700 768 1768 808 καὶ

320 830 405 872 ἔστι
427 831 478 871 τὰ
506 830 590 871 ἀπὸ
608 837 678 885 τῆς
704 836 841 885 σκηνῆς
866 830 932 871 καὶ
960 837 1031 885 τῆς
1049 829 1267 885 ὀρχήστρας
1285 833 1385 871 θεῖα
1406 833 1535 871 πάντα
1555 831 1767 886 πρόσωπα.

319 896 407 944 Quo
430 896 517 935 loco
544 896 666 944 plane
694 896 993 934 demonstratur
1020 896 1063 934 in
1091 897 1341 935 Prometheis
1368 899 1411 935 et
1437 896 1481 935 in
1508 907 1630 935 scena
1656 899 1697 935 et
1725 896 1768 935 in

319 958 529 998 orchestra
565 957 671 998 solos
699 959 794 998 deos
830 969 918 998 esse
954 958 1206 999 introductos
1243 958 1280 999 h.
1307 970 1340 999 e.
1376 961 1418 999 et
1450 957 1687 999 histrionum
1726 961 1769 999 et

322 1021 434 1060 chori
470 1021 658 1070 partibus
698 1022 794 1061 deos
832 1032 922 1061 esse
958 1023 1126 1071 functos,
1162 1033 1292 1070 neque
1327 1022 1532 1071 habemus,
1569 1034 1642 1061 cur
1675 1022 1769 1061 huic

322 1082 553 1124 testimonio
581 1082 824 1134 diffidamus,
852 1084 958 1133 quod
985 1095 1122 1125 verum
1143 1083 1278 1124 dicere
1306 1087 1349 1124 et
1365 1084 1603 1124 Prometheo
1622 1083 1770 1124 Vincto

321 1150 365 1187 et
392 1146 455 1197 iis,
482 1158 585 1196 quae
612 1148 663 1187 de
692 1147 931 1188 Prometheo
960 1147 1097 1188 Soluto
1134 1147 1291 1198 scimus,
1327 1147 1594 1188 confirmatur.
1656 1148 1769 1198 Ergo

322 1221 394 1260 pro
423 1213 533 1250 certo
561 1209 787 1250 habendum
815 1213 880 1250 est
912 1210 1034 1251 etiam
1070 1210 1113 1251 in
1140 1210 1322 1261 Ignifero
1360 1210 1466 1251 solos
1502 1211 1596 1251 deos
1631 1213 1771 1260 partes

322 1273 464 1323 egisse.
519 1273 613 1322 Ipse
641 1276 775 1313 autem
796 1273 1020 1323 Westphal,
1048 1285 1285 1322 quamquam
1305 1273 1505 1322 expressis
1524 1273 1662 1313 verbis
1690 1284 1768 1313 non

323 1335 433 1386 dicit,
460 1337 653 1384 quomodo
672 1335 917 1376 Promethea
935 1347 960 1375 a
978 1335 1041 1376 dis
1059 1335 1253 1376 instituta
1280 1347 1367 1376 esse
1394 1335 1579 1386 voluerit,
1607 1335 1770 1376 videtur

323 1398 576 1437 existimasse
603 1398 676 1437 illa
703 1398 746 1436 in
765 1398 933 1447 Olympo
961 1410 1033 1447 per
1059 1410 1243 1447 pompam
1271 1399 1501 1438 sollemnem
1530 1409 1556 1437 a
1583 1398 1679 1438 solis
1707 1398 1770 1438 dis

323 1460 570 1500 celebratam
607 1459 771 1500 condita
808 1471 907 1500 esse.
978 1460 1065 1499 Hoc
1106 1463 1242 1500 autem
1278 1461 1528 1509 probandum
1565 1471 1645 1500 non
1680 1471 1771 1500 esse

323 1534 479 1573 censeo,
506 1534 606 1573 cum,
642 1523 679 1563 si
716 1534 832 1572 quem
869 1523 1021 1563 cultum
1059 1524 1111 1563 ab
1148 1523 1372 1563 hominibus
1409 1523 1691 1563 celebrandum
1728 1522 1770 1562 di

323 1585 560 1636 instituunt,
586 1585 676 1635 ipsa
703 1585 764 1625 rei
791 1588 940 1626 natura
968 1586 1204 1636 postuletur,
1236 1589 1282 1626 ut
1308 1585 1488 1626 homines
1515 1584 1664 1636 adsint,
1700 1584 1769 1634 qui

323 1649 436 1688 cultu
463 1648 534 1689 illo
553 1648 670 1698 fungi
688 1648 916 1698 iubeantur,
944 1649 1050 1689 sicut
1069 1648 1113 1688 in
1132 1648 1424 1689 Eumenidibus
1442 1651 1529 1688 toto
1549 1647 1770 1688 Athenien-

323 1711 426 1752 sium
445 1712 657 1762 Areopago
677 1714 894 1762 praesente
912 1711 1101 1753 Minerva
1119 1712 1269 1752 cultum
1288 1711 1555 1752 Eumenidum
1577 1710 1773 1751 instituit.

325 1775 421 1814 Alia
447 1787 514 1814 res
541 1779 615 1824 est,
651 1775 685 1814 si
714 1775 975 1814 vaticinando
1012 1775 1323 1824 praenuntiatur
1360 1775 1583 1814 hominibus
1619 1775 1770 1814 cultum

327 1836 502 1885 aliquem
530 1836 616 1876 fore
644 1836 947 1876 celebrandum:
976 1837 1048 1876 sed
1077 1837 1127 1876 de
1154 1837 1230 1876 hac
1256 1847 1300 1876 re
1327 1837 1370 1875 in
1399 1835 1579 1887 Ignifero
1605 1837 1774 1886 propter

325 1900 491 1939 titulum
519 1912 599 1939 non
625 1911 714 1940 esse
741 1899 999 1949 cogitandum
1026 1899 1107 1939 iam
1134 1899 1319 1940 vidimus.
1372 1900 1594 1939 Praeterea
1612 1900 1771 1939 Pr0me-

326 1962 463 2001 theum
491 1972 635 2011 pompa
671 1964 714 2000 et
750 1961 908 2001 facibus
944 1961 1074 2001 colere
1109 1961 1311 2000 hominum
1348 1964 1422 2010 est,
1458 1960 1602 2010 quibus
1638 1960 1772 2010 ignem

326 2024 503 2074 paravit,
531 2035 610 2064 non
637 2025 810 2064 deorum.
864 2024 1135 2073 Quaecunque
1153 2024 1282 2074 igitur
1299 2024 1341 2063 in
1364 2022 1665 2073 EumenidibuS,
1692 2034 1773 2071 qua

326 2087 368 2127 in
396 2086 536 2127 fabula
573 2098 638 2126 res
673 2087 780 2136 apud
816 2086 995 2126 homines
1033 2089 1222 2137 aguntur,
1259 2085 1408 2135 optime
1443 2086 1657 2135 quadrant,
1694 2096 1772 2124 non

325 2150 572 2190 conveniunt
599 2150 637 2189 ei
666 2152 915 2200 argumento,
952 2150 1054 2198 quod
1083 2149 1125 2189 in
1153 2149 1321 2199 Olympo
1347 2148 1442 2189 solis
1470 2148 1556 2188 deis
1583 2158 1773 2197 praesen·

326 2213 438 2253 tibus
463 2215 752 2262 pertractatur.

431 2275 522 2327 Qua
548 2276 599 2315 de
627 2287 762 2323 causa,
790 2287 890 2325 cum,
918 2287 1021 2325 quae
1049 2274 1305 2324 Westphalio
1332 2273 1583 2325 placuerunt,
1610 2271 1774 2313 minime

326 2342 445 2378 tanta
472 2338 762 2388 probabilitate
790 2339 1127 2386 commendentur,
1164 2341 1210 2377 ut
1237 2349 1310 2386 per
1341 2337 1464 2377 solam
1501 2336 1773 2377 coniecturam

327 2401 528 2452 Aeschylo
564 2400 828 2451 imputentur,
864 2400 1001 2450 aptius
1036 2401 1088 2440 ad
1126 2411 1213 2440 eam
1253 2399 1445 2450 trilogiae
1473 2398 1773 2449 dispositionem

326 2465 557 2514 redeamus,
595 2475 714 2512 quam
751 2463 832 2503 iam
870 2463 1061 2503 Welcker
1097 2462 1141 2502 in
1176 2462 1281 2503 libro
1317 2462 1388 2501 illo
1425 2461 1686 2502 celeberrimo
1723 2462 1774 2501 de

328 2525 519 2578 Aeschyli
555 2525 806 2566 Prometheis
851 2525 1097 2576 conscripto,
1142 2536 1258 2575 quem
1301 2536 1426 2575 supra
1461 2536 1499 2575 p.
1535 2525 1560 2565 9
1595 2522 1774 2574 laudavi,

327 2588 554 2638 proposuit,
592 2591 634 2627 et
670 2588 797 2637 primo
832 2588 919 2627 loco
956 2587 1189 2639 Πυρφόρον,
1226 2587 1357 2627 altero
1385 2588 1614 2638 Δεσμώτην,
1649 2585 1775 2625 tertio
