1990 2959
506 184 554 217 De
577 184 774 218 Graecorum
797 183 932 217 deorum
953 183 1104 225 partibus
1126 181 1320 224 Aeschyleis
1587 159 1640 220 25

302 287 520 338 Danaides,
546 290 593 328 ut
618 287 784 338 nuptias
810 286 981 328 filiorum
1010 287 1191 338 Aegypti
1227 285 1365 336 patrui
1391 285 1560 336 evitent,
1588 296 1638 325 ex

198 349 388 402 Aegypto
414 361 604 402 egressae
638 351 680 391 in
708 351 840 402 Argos
875 350 1128 401 perveniunt.
1190 349 1255 390 Ibi
1292 352 1429 390 autem
1457 348 1638 399 Danaus,

198 424 438 463 quamquam
465 414 673 464 Pelasgus,
700 413 943 463 Argivorum
979 425 1062 463 rex,
1097 412 1302 462 fugientes
1337 412 1391 452 ab
1419 411 1636 463 Aegyptiis

197 475 531 526 persequentibus
575 475 776 526 defendit,
816 477 954 515 tamen
998 474 1171 524 denique
1206 473 1312 515 filias
1347 473 1430 515 illis
1465 477 1634 525 nuptum

197 537 392 579 collocare
419 541 582 579 coactus
608 538 659 578 iis
686 537 872 588 imperat,
907 541 955 578 ut
981 537 1023 577 in
1049 537 1151 587 ipsis
1177 537 1331 587 nuptiis
1358 548 1522 587 sponsos
1550 539 1634 578 tru-

197 599 344 642 cident.
387 601 481 641 Sola
497 601 789 650 Hypermestra
805 599 967 650 Lynceo
984 610 1129 649 sponso
1146 600 1289 650 parcit,
1315 611 1391 649 quo
1410 611 1432 640 e
1450 599 1635 651 coniugio

197 662 439 714 Argivorum
475 674 616 714 regum
652 661 778 712 stirps
814 662 1005 703 exoritur.
1074 662 1190 703 Haec
1225 674 1275 702 ex
1310 662 1398 712 ipso
1435 663 1635 713 Aeschylo

197 725 406 775 discimus;
444 725 709 774 Apollodorus
744 727 880 764 autem
916 725 1048 764 tradit
1074 725 1408 775 Hypermestram
1443 725 1572 773 primo
1610 737 1637 764 a

196 790 313 839 patre
330 787 373 828 in
391 786 555 828 vincula
573 787 804 832 coniectam,
830 789 916 827 tum
934 786 1096 839 Lynceo
1113 786 1155 827 in
1173 786 1468 827 matrimonium
1497 787 1633 828 datam

196 862 295 890 esse.
348 851 450 890 Tale
481 850 578 898 quid
613 853 724 889 certe
751 850 873 889 etiam
901 851 1010 898 apud
1037 851 1280 899 Aeschylum
1308 851 1512 898 exstabat,
1548 861 1636 888 cum

196 910 286 963 ipsa
320 911 382 952 rei
417 914 565 952 natura
600 911 886 962 postularetur,
922 914 971 952 ut
1006 914 1127 962 pater
1160 923 1208 952 ac
1244 922 1399 952 sorores
1435 910 1477 951 in
1513 910 1636 962 illam,

196 986 298 1024 qnae
325 985 512 1024 sponsum
539 985 618 1014 non
645 974 929 1024 interfecisset,
955 975 1254 1015 inveherentur.

301 1057 348 1098 Iu
383 1057 748 1109 Supplicibus,
784 1057 926 1099 fabula
959 1058 1088 1098 adhuc
1123 1057 1313 1108 exstanti,
1344 1057 1511 1098 Danaus
1547 1068 1636 1097 cum

196 1120 292 1161 filiis
319 1121 451 1172 Argos
479 1121 668 1171 pervenit
694 1123 737 1161 et
765 1132 790 1161 a
816 1120 989 1171 Pelasgo
1024 1132 1122 1172 rege
1149 1124 1272 1171 atque
1299 1120 1540 1172 Argivorum
1568 1131 1635 1170 po-

195 1184 288 1234 pulo
314 1183 510 1225 auxilium
536 1185 741 1235 impetrat.
795 1184 936 1235 Qualis
964 1188 1100 1225 autem
1137 1184 1301 1226 fabulae
1338 1196 1433 1234 pars
1467 1183 1510 1224 in
1537 1183 1634 1223 Da-

194 1259 222 1287 n
237 1247 448 1288 aidibus
474 1248 527 1287 sit
555 1251 738 1288 tractata
754 1247 779 1298 ¹,
806 1259 857 1288 ex
876 1248 1104 1298 fragmento
1123 1248 1219 1287 43N
1249 1251 1438 1298 apparet:
1466 1245 1634 1285 Ktimn’

196 1308 324 1349 ἄνεισι
349 1308 534 1361 λαμπρὸν
560 1309 673 1362 ἡλίου
701 1311 818 1363 φάος,
852 1309 857 1363 Ι
890 1308 964 1357 ἕως
986 1308 1126 1363 ἒγείρω
1152 1317 1383 1361 πρευμενεῖς
1410 1309 1502 1357 τοὺς
1542 1323 1632 1359 νυμ-

196 1375 315 1425 φίους
338 1374 343 1424 Ι
378 1372 535 1422 νόμοισι
560 1375 711 1411 θέντων
739 1372 807 1411 σὺν
833 1373 966 1424 κόροις
991 1387 1032 1411 τε
1052 1373 1127 1413 ,καὶ
1154 1373 1300 1423 κόραις.
1362 1374 1477 1413 Haec
1506 1373 1633 1412 verba

191 1435 375 1476 Danaum
403 1447 491 1476 esse
518 1436 705 1487 locutum,
742 1447 829 1475 cum
858 1435 1091 1486 explicaret,
1127 1437 1316 1485 quomodo
1344 1436 1504 1485 Lynceo
1540 1447 1630 1476 esse

193 1501 461 1548 temperatum
499 1499 771 1549 cognovisset,
816 1499 1009 1539 Welcker
1045 1503 1086 1539 et
1121 1499 1328 1539 Hermann
1364 1498 1631 1548 coniecerunt,

192 1572 322 1610 neque
357 1565 492 1611 potest
528 1561 671 1612 negari
711 1562 839 1602 verba
866 1567 1098 1612 πρευμενεῖς
1132 1561 1225 1607 τοὺς
1253 1563 1446 1614 νυμφίους
1480 1561 1629 1610 optime

192 1624 347 1664 crudeli
383 1623 514 1664 ironia
549 1636 574 1664 a
611 1624 751 1664 Danao
788 1624 972 1664 adhiberi
1009 1624 1196 1674 potuisse.
1267 1624 1364 1675 Sed,
1400 1624 1481 1664 etsi
1517 1628 1628 1664 certe

192 1686 457 1727 demonstrari
475 1698 553 1727 non
571 1689 715 1737 potest,
744 1687 925 1736 quisnam
942 1687 1015 1727 illa
1032 1688 1191 1728 locutus
1211 1687 1276 1737 sit,
1303 1690 1439 1727 tamen
1458 1690 1630 1737 apparet

191 1748 458 1799 fragmentum
480 1750 731 1799 desumptum
751 1760 836 1789 esse
864 1761 913 1789 ex
931 1750 1114 1790 oratione
1136 1750 1319 1801 alicuius,
1345 1749 1415 1800 qui
1433 1749 1631 1799 postridie

190 1811 354 1861 nuptias
372 1823 488 1851 mane
506 1823 673 1861 sponsos
691 1812 891 1852 suscitare
909 1824 952 1853 se
969 1813 1147 1853 voluisse
1165 1813 1362 1854 narravit.
1402 1812 1629 1853 Danaidum

191 1873 320 1925 igitur
346 1877 627 1924 argumentum
663 1885 730 1915 res
760 1878 851 1924 post
886 1876 1049 1915 caedem
1076 1875 1256 1926 Aegypti
1291 1874 1463 1916 filiorum
1498 1874 1631 1915 factas

189 1937 537 1987 comprehendisse
555 1941 724 1977 constat.
779 1938 880 1977 Tum
900 1941 1036 1978 autem
1062 1938 1166 1978 nihil
1185 1939 1297 1979 aliud
1326 1939 1400 1979 hac
1418 1938 1631 1989 tragoedia

191 1999 389 2041 contineri
415 1999 559 2051 potuit,
595 1999 675 2040 nisi
701 2000 1031 2052 Hypermestram
1067 2001 1188 2042 venia
1222 2001 1442 2051 impetrata
1467 2001 1630 2051 Lynceo

190 2066 358 2113 nuptum
390 2073 479 2103 esse
514 2063 757 2104 collocatam.
823 2063 939 2115 Quae
976 2075 1064 2103 cum
1102 2064 1164 2104 ita
1199 2065 1301 2114 sint,
1338 2064 1474 2104 Venus
1511 2063 1629 2103 initio

189 2125 365 2175 fabulae,
392 2137 494 2175 quae
520 2125 633 2166 facta
659 2130 764 2176 sunt,
791 2127 956 2166 edocere
983 2130 1026 2167 et
1052 2127 1385 2177 Hypermestram
1412 2138 1437 2166 a
1465 2125 1627 2176 Lynceo

189 2187 232 2228 in
268 2186 566 2229 matrimonium
601 2189 764 2229 ductum
800 2187 853 2228 iri
887 2188 1122 2229 renuntiare
1158 2189 1310 2239 potuit,
1351 2188 1415 2228 cui
1451 2187 1629 2228 orationi

189 2251 329 2301 verba,
356 2251 500 2301 quibus
521 2251 667 2291 amoris
684 2250 868 2300 potentia
885 2251 1149 2297 collaudatur,
1172 2251 1296 2291 inseri
1315 2251 1494 2301 potuisse
1512 2263 1628 2292 nemo

188 2325 268 2355 non
294 2313 419 2355 videt.
472 2314 553 2354 Sed
579 2313 667 2353 iure
693 2312 842 2363 aliquis
868 2313 1039 2364 dubitet,
1068 2325 1160 2353 num
1196 2314 1276 2354 iam
1302 2314 1526 2365 Aeschylus
1552 2314 1628 2354 hoc

189 2376 274 2417 loco
299 2376 496 2417 rationem
530 2375 791 2426 posteriorum
820 2375 1031 2425 Euripidis
1066 2377 1318 2427 prologorum
1351 2377 1521 2418 similem
1557 2378 1627 2418 ad·

187 2439 377 2479 hibuerit.
431 2439 554 2478 Immo
581 2438 841 2479 verisimilius
869 2441 932 2478 est
950 2439 1149 2479 Venerem
1177 2439 1426 2490 apparuisse,
1454 2444 1501 2480 ut
1529 2452 1627 2490 eam,

298 2564 309 2584 ¹
318 2564 588 2649 Ilge332gumento
602 2563 702 2597 huius
712 2563 844 2597 fabulae
859 2567 1002 2607 egerunt
1015 2564 1171 2598 Welcker
1189 2565 1270 2598 Tru.
1285 2575 1316 2606 p.
1331 2565 1395 2598 390
1409 2570 1443 2598 et
1457 2564 1627 2598 Hermann

187 2624 296 2657 opusc.
445 2626 514 2658 sqq.
