1990 2959
346 162 395 201 14
942 160 1059 194 Ericus
1080 160 1201 195 liiiller

344 265 522 318 Ignifero
558 268 652 306 acta
685 277 773 306 esse
809 266 1001 307 Welcker
1036 267 1166 308 voluit
1181 268 1205 307 ¹.
1269 267 1386 307 Hanc
1418 266 1701 309 difficultatem
1727 281 1791 310 re-

343 340 506 369 movere
559 328 680 369 enixe
719 328 801 369 iam
844 330 1090 369 studuerunt
1137 329 1345 370 Duentzer
1389 332 1432 370 et
1467 330 1634 370 Bussler
1669 334 1791 381 atque

342 392 446 431 satis
473 391 703 441 probabilia
721 392 988 443 protulerunt,
1015 393 1232 432 maximum
1253 396 1389 432 autem
1417 396 1695 442 argumentum
1724 405 1791 434 eos

344 453 497 503 effugit.
550 453 823 503 Explicantur
861 454 966 493 enim
999 454 1130 495 fusius
1166 458 1208 495 et
1236 455 1455 505 Gigantum
1483 455 1670 510 Iovisque
1706 467 1791 496 cer·

342 516 498 557 tamina
524 516 675 569 (Vinct.
696 517 919 569 199—241)
949 520 991 558 et
1018 521 1140 569 artes,
1167 517 1311 568 quibus
1331 518 1592 559 Prometheus
1610 518 1791 559 homines

342 580 541 620 instruxit
568 579 822 632 (436—506).
875 581 1009 630 Ipsum
1038 585 1173 621 autem
1201 581 1309 632 ignis
1337 581 1499 632 furtum,
1535 581 1648 622 cuius
1674 594 1790 631 prae-

344 643 462 694 cipue
497 643 781 684 Prometheum
825 644 1130 685 condemnatum
1174 655 1262 685 esse
1298 644 1442 686 Cratos
1488 644 1542 697 (v.
1579 645 1711 695 7sqq.)
1748 648 1791 686 et

343 706 431 755 ipse
458 706 723 746 Prometheus
750 706 802 757 (v.
832 708 908 746 109
917 707 1017 757 sqq.)
1052 710 1260 746 testantur
1286 709 1468 757 quodque
1503 708 1608 748 idem
1636 708 1790 758 mytho·

343 768 493 819 graphi
519 770 691 809 tradunt
704 768 728 819 ⁹,
762 768 840 809 etsi
875 768 918 809 in
946 768 1093 809 Vincto
1126 769 1289 819 saepius
1317 773 1647 811 commemoratur
1677 770 1792 812 velut

344 844 382 872 v.
411 833 503 880 7sq.
531 832 594 871 38.
621 832 672 872 82
683 843 742 880 sq.
782 831 859 871 109
869 843 954 881 sqq.
989 833 1077 882 252,
1113 836 1248 872 tamen
1284 844 1442 882 semper
1475 833 1617 883 paucis
1653 834 1790 874 verbis

343 894 579 936 absolvitur.
650 894 766 935 Haec
801 906 867 935 res
902 906 976 945 per
1007 906 1051 935 se
1087 895 1190 935 satis
1225 895 1328 935 mira
1365 894 1487 936 facile
1523 895 1789 947 intellegitur,

342 957 378 996 si
407 957 633 1008 Aeschylus
660 956 702 996 id
730 957 882 1008 ipsum,
919 958 1024 1007 quod
1051 957 1094 997 in
1121 957 1380 998 antecedenti
1405 957 1547 998 fabula
1573 959 1791 1013 praecipue

343 1019 564 1070 tractavit,
601 1020 644 1060 in
680 1020 827 1061 Vincto
863 1020 994 1061 fusius
1030 1032 1223 1061 enarrare
1259 1021 1321 1061 ita
1356 1021 1512 1062 veritus
1549 1025 1622 1071 est,
1657 1025 1704 1062 ut
1739 1024 1790 1063 de

343 1082 516 1123 maximo
543 1082 657 1123 illius
686 1082 854 1123 crimine
890 1082 1134 1133 paucissima
1160 1083 1288 1124 verba
1324 1082 1460 1124 facere
1487 1084 1627 1124 mallet
1661 1096 1790 1134 quam,

344 1157 447 1194 quae
475 1145 659 1185 omnihus
695 1146 991 1194 spectatoribus
1027 1150 1146 1185 erant
1181 1146 1401 1196 notissima,
1437 1148 1567 1186 denuo
1603 1152 1790 1187 accurate

343 1210 540 1257 repetere.
593 1208 671 1248 Vel
698 1220 749 1248 ex
776 1208 853 1249 hac
880 1207 970 1258 ipsa
995 1220 1052 1258 re,
1081 1220 1161 1257 qua
1187 1208 1443 1249 Welckerum
1470 1210 1514 1249 in
1542 1209 1790 1259 disponenda

344 1269 512 1321 trilogia
539 1270 653 1321 sequi
671 1282 802 1321 paene
829 1270 1008 1322 cogimur
1022 1270 1047 1321 ⁸,
1075 1271 1150 1311 hoc
1169 1282 1323 1320 quoque
1344 1271 1471 1312 conici
1497 1274 1642 1323 potest,
1670 1283 1790 1322 quae·

344 1345 503 1383 cunque
531 1335 581 1373 de
600 1332 848 1384 Gigantibus
867 1333 1148 1384 hominumque
1167 1334 1325 1374 artibus
1348 1334 1390 1374 in
1411 1334 1559 1375 Vincto
1585 1335 1790 1387 habemuS,

346 1396 388 1436 in
416 1395 597 1446 Ignifero
626 1396 706 1437 alio
734 1398 849 1437 modo
875 1400 1184 1437 commemorata
1211 1396 1347 1447 fuisse,
1374 1397 1410 1437 si
1438 1397 1596 1438 omnino
1623 1409 1788 1439 comme-

343 1460 617 1500 morabantur.
671 1460 790 1499 Hanc
816 1460 858 1499 in
885 1459 1131 1500 sententiam
1167 1459 1291 1500 etiam
1321 1460 1528 1500 Duentzer
1555 1463 1598 1501 et
1624 1461 1789 1501 Bussler

343 1523 490 1562 ierunt.
545 1523 665 1562 Illum
703 1523 928 1563 rectissime
964 1524 1037 1563 hoc
1075 1534 1231 1572 quoque
1260 1524 1512 1564 contendisse
1548 1524 1591 1563 in
1620 1525 1789 1575 trilogia

342 1585 500 1625 omnino
537 1586 662 1626 vitari
698 1597 775 1625 non
810 1597 924 1635 posse
959 1586 1224 1635 repetitiones
1260 1587 1487 1626 luculenter
1522 1586 1606 1636 ipso
1643 1587 1789 1627 Vincto

344 1649 654 1695 demonstratur,
692 1648 734 1689 in
771 1660 849 1698 quo
886 1648 1040 1698 aliquot
1074 1649 1172 1690 locis
1199 1649 1481 1690 Prometheum
1517 1652 1560 1690 et
1594 1649 1789 1691 fatalibus

343 1711 496 1761 nuptiis
525 1712 742 1761 explicatis
769 1723 858 1751 cum
886 1712 982 1752 Iove
1010 1712 1054 1751 in
1071 1712 1247 1763 gratiam
1274 1713 1497 1753 rediturum
1525 1713 1640 1753 esse*
1668 1716 1709 1753 et
1737 1713 1789 1753 ab

343 1774 518 1815 Hercule
558 1774 775 1814 liberatum
816 1774 868 1814 iri
910 1775 1001 1826 (771
1015 1774 1116 1826 sqq.)
1156 1775 1265 1815 clare
1307 1775 1634 1827 praenuntietur,
1685 1787 1789 1825 quae

344 1840 487 1886 postea
513 1836 556 1876 in
583 1837 721 1877 Soluto
750 1840 845 1877 acta
871 1849 959 1877 esse
987 1837 1143 1878 scimus.

451 1909 565 1960 Quae
593 1921 682 1949 cum
714 1910 775 1949 ita
811 1910 905 1960 sint,
933 1910 1149 1950 Welckero
1184 1922 1263 1950 non
1291 1911 1546 1960 Westphalio
1583 1910 1787 1961 trilogiam

344 1971 576 2021 disponenti
603 1972 885 2012 assentiamur.
948 1973 1035 2013 Hoc
1063 1972 1098 2012 si
1131 1972 1355 2023 fecerimus,
1391 1972 1433 2012 in
1460 1972 1600 2013 Soluto
1626 1973 1786 2013 Prome-

344 2035 483 2076 theum
511 2046 590 2076 non
609 2036 724 2076 modo
743 2035 960 2076 liberatum
980 2047 1068 2076 esse
1088 2037 1159 2076 sed
1177 2036 1299 2076 etiam
1325 2047 1413 2076 cum
1432 2035 1530 2077 Iove
1548 2036 1591 2076 in
1609 2036 1787 2087 gratiam

342 2098 497 2138 redisse
524 2098 640 2138 nobis
668 2098 944 2138 coniciendum
972 2101 1044 2139 est.
1098 2098 1221 2138 Cuius
1248 2099 1478 2149 argumenti
1505 2098 1668 2149 singula
1695 2110 1789 2148 quo-

344 2162 458 2202 modo
486 2160 641 2202 fuerint
668 2164 865 2213 tractata,
894 2161 1132 2213 diligentius
1160 2162 1436 2203 demonstrare
1473 2173 1561 2202 cum
1588 2162 1641 2202 ab
1668 2162 1788 2207 huius

343 2224 526 2274 opusculi
552 2225 758 2265 sententia
777 2225 1006 2276 abhorreat,
1034 2225 1108 2265 hoc
1126 2236 1248 2264 unum
1268 2236 1563 2265 commemorem
1581 2225 1690 2265 haud
1716 2236 1787 2265 suo

450 2330 463 2349 ¹
484 2330 622 2364 Praeter
643 2330 888 2372 Westphalium
912 2330 1013 2365 etiam
1032 2329 1202 2364 Dieterich
1225 2330 1311 2371 apud
1325 2329 1647 2371 Pauly-Wissowam
1662 2330 1680 2362 I
1696 2329 1788 2363 1079.

449 2383 463 2402 ²
485 2382 635 2425 Apollod.
658 2384 675 2414 I
697 2382 756 2424 46;
778 2383 868 2425 Hyg.
891 2383 958 2416 fab.
982 2383 1060 2424 144;
1083 2383 1124 2416 cf.
1149 2382 1252 2416 etiam
1267 2382 1432 2416 Athenaei
1453 2382 1562 2416 locum
1583 2381 1671 2415 infra
1693 2392 1724 2424 p.
1749 2381 1788 2413 16

343 2434 500 2468 allatum:
522 2432 621 2476 χάριν
641 2435 698 2473 τῆς
719 2432 838 2473 κλοπῆς
858 2436 920 2466 τοῦ
942 2435 1056 2477 πυρός.

449 2486 463 2506 ³
484 2487 526 2519 In
549 2487 688 2520 eandem
717 2487 919 2520 sententiam
948 2488 1071 2528 partim
1099 2487 1204 2520 isdem
1234 2486 1444 2529 testimoniis,
1471 2496 1556 2528 quae
1586 2496 1648 2528 ego
1677 2486 1788 2525 attuli,

342 2538 466 2579 partim
489 2538 564 2572 aliis
585 2538 750 2573 similibus
770 2538 901 2572 innisus
922 2539 1016 2581 Bapp
1037 2539 1079 2573 iit
1099 2540 1121 2573 l.
1144 2549 1244 2581 supra
1266 2549 1297 2581 p.
1319 2539 1340 2572 9
1361 2539 1383 2572 l.
1407 2538 1465 2572 col.
1487 2538 1627 2580 3058sq.

448 2590 464 2609 ⁴
486 2591 546 2632 cf„
569 2601 654 2631 quae
677 2601 777 2631 supra
798 2602 828 2632 p.
853 2591 895 2624 10
916 2592 991 2625 adn.
1016 2592 1031 2623 1
1058 2591 1218 2634 congessi.
