1990 2959
352 123 404 162 32
943 121 1061 154 Ericus
1083 121 1203 155 Miiller

350 227 594 276 Aethiopide
621 226 792 276 invenit,
827 227 898 266 sed
930 226 971 266 in
1008 227 1195 276 partibus
1230 227 1392 266 deorum
1430 227 1688 276 disponendis
1714 229 1799 270 Ho-

349 300 500 330 merum
527 292 691 330 secutus
719 288 809 329 Iovi
835 299 914 329 non
935 288 1134 329 Mercurio
1161 288 1308 329 libram
1337 287 1495 340 tribuit,
1523 288 1585 330 ita
1612 292 1660 330 ut
1687 291 1797 332 clare

350 352 559 393 videamus
577 353 629 393 ad
648 352 805 402 epicum
824 352 1049 402 exemplum
1067 352 1110 392 in
1129 351 1418 403 Psychostasia
1437 353 1533 393 deos
1553 353 1797 403 Aeschylum

348 414 597 466 adhibuisse,
623 414 667 455 id
686 415 790 465 quod
809 414 931 456 etiam
958 418 1119 456 veteres
1146 426 1225 455 non
1244 414 1389 466 effugit
1400 415 1425 466 ¹,
1452 426 1499 455 eo
1518 418 1654 455 autem
1676 427 1797 468 more,

348 483 394 518 ut
417 478 587 519 Iliadem
615 490 704 518 cum
733 477 976 528 Aethiopide
1004 477 1310 518 contaminaret.

453 542 541 582 Iam
568 541 604 582 si
631 541 871 592 quaerimus,
898 552 980 592 qua
1006 541 1164 582 ratione
1201 540 1263 581 illi
1290 541 1355 581 dei
1384 540 1659 592 apparuerint,
1695 541 1798 583 haec

349 605 532 654 quaestio
561 605 719 645 absolvi
746 616 825 644 non
854 608 1001 654 potest,
1037 604 1118 644 nisi
1158 607 1286 645 totum
1314 604 1478 644 fabulae
1513 607 1795 654 argumentum

348 667 469 717 quale
496 666 634 718 fuerit,
661 666 938 707 diiudicamus.
992 666 1081 718 Qua
1108 666 1151 707 in
1178 678 1224 707 re
1244 666 1435 707 Welcker
1453 666 1549 707 Tril.
1567 678 1605 716 p.
1623 666 1702 707 430
1711 678 1796 717 sqq.

347 734 391 771 et
417 731 626 771 Hermann
654 741 785 779 opusc.
815 730 894 770 VII
920 730 998 770 343
1008 741 1094 779 sqq.
1121 730 1420 770 consentientes
1449 732 1692 770 censuerunt
1718 729 1797 771 hac

347 793 390 832 in
410 792 621 844 tragoedia
647 803 725 832 non
745 793 859 832 modo
886 792 1017 841 ipsam
1044 792 1360 842 psychostasiam
1389 793 1462 832 sed
1481 792 1605 832 etiam
1623 792 1796 833 Achillis

347 855 653 905 Memnonisque
681 855 993 896 monomachiam
1021 855 1218 904 huiusque
1250 855 1385 896 herois
1421 858 1587 896 mortem
1614 855 1796 896 infuisse.

346 918 596 958 Baumstark
632 921 769 957 autem
804 918 831 957 l.
862 929 986 967 supra
1026 929 1063 966 p.
1099 918 1151 956 29
1186 917 1211 957 l.
1239 930 1277 967 p.
1304 918 1382 957 289
1392 929 1476 967 sqq.
1511 917 1600 957 fuse
1636 919 1795 957 demon-

346 984 482 1021 strare
509 981 646 1021 studet
672 980 796 1021 solam
824 979 1145 1031 psychostasiam
1181 979 1225 1021 in
1252 980 1329 1021 Ida
1364 982 1499 1021 monte
1535 979 1685 1021 factam
1721 981 1796 1021 hoc

346 1043 390 1082 in
418 1045 603 1083 dramate
640 1045 865 1083 tractatam
901 1054 990 1083 esse
1026 1045 1148 1092 atque
1184 1042 1311 1092 ipsius
1348 1042 1512 1082 fabulae
1548 1047 1688 1092 partes
1724 1054 1796 1092 per

348 1106 452 1147 solos
480 1107 596 1147 deos:
623 1106 759 1147 Iovem
794 1109 836 1146 et
868 1105 1042 1147 fortasse
1070 1105 1307 1156 Minervam,
1335 1108 1543 1152 Auroram,
1572 1105 1796 1156 Thetidem,

349 1169 592 1218 chorumque
622 1168 890 1218 Atlantidum,
918 1180 1033 1218 quem
1061 1168 1148 1218 ipse
1176 1168 1256 1208 sibi
1282 1168 1403 1208 finxit
1421 1168 1678 1218 Baumstark,
1706 1179 1794 1208 esse

347 1236 476 1272 actas.
531 1232 755 1272 Memnonis
783 1235 918 1272 autem
937 1231 1148 1272 interitum
1176 1231 1217 1270 in
1237 1230 1319 1271 alia
1346 1231 1497 1278 fabula,
1525 1231 1569 1271 in
1587 1231 1795 1271 Memnone

348 1295 474 1345 (TGF
503 1308 540 1344 p.
567 1296 617 1334 41
630 1296 701 1346 sq.)
729 1295 910 1344 infuisse,
933 1306 1015 1343 qua
1041 1294 1084 1334 in
1112 1294 1328 1344 tragoedia
1356 1295 1405 1334 de
1432 1294 1641 1334 Antilochi
1666 1297 1795 1333 morte

346 1361 482 1397 actum
502 1368 591 1396 esse
610 1357 814 1396 Hermann
834 1368 966 1405 opusc.
986 1356 1067 1395 VII
1086 1357 1163 1395 347
1183 1356 1352 1406 censuit,
1371 1367 1459 1395 cum
1479 1357 1584 1404 quod
1604 1356 1794 1395 Welcker

347 1418 444 1460 Tril.
471 1431 507 1469 p.
534 1419 613 1459 435
624 1430 681 1467 sq.
709 1417 1036 1469 Psychostasiam
1071 1421 1113 1458 et
1141 1418 1391 1458 Memnonem
1419 1419 1586 1458 eandem
1612 1417 1792 1458 fabulam

346 1481 473 1521 fuisse
502 1482 643 1532 voluit,
672 1481 746 1521 hoc
772 1481 918 1521 falsum
947 1492 1035 1521 esse
1061 1484 1172 1521 recte
1200 1483 1471 1531 cognosceret.

451 1544 675 1594 Praecipue
711 1544 977 1594 Baumstark,
1019 1546 1065 1583 ut
1101 1546 1240 1584 cetera
1276 1543 1362 1583 eius
1399 1546 1651 1594 argumenta,
1689 1554 1793 1593 quae

343 1607 546 1656 dicuntur,
586 1606 732 1655 quibus
775 1609 910 1646 autem
950 1606 1054 1645 nihil
1095 1608 1415 1655 demonstratur,
1456 1606 1684 1656 mittamus,
1722 1605 1792 1645 illo

345 1669 560 1711 Plutarchi
586 1669 673 1710 loco
701 1669 859 1720 nititur,
896 1681 1012 1719 quem
1040 1680 1163 1719 supra
1190 1681 1228 1719 p.
1259 1669 1309 1709 31
1348 1668 1473 1709 attuli
1500 1680 1657 1719 quoque
1692 1667 1791 1719 legi-

345 1743 434 1771 mus
462 1732 706 1782 Aeschylum
743 1731 837 1783 ὅλην
868 1730 1089 1782 τραγῳδίαν
1115 1737 1171 1781 τῷ
1199 1732 1317 1782 μύθῳ
1343 1732 1367 1770 i.
1396 1743 1428 1771 e.
1456 1732 1527 1780 rei,
1564 1743 1684 1779 quam
1711 1731 1791 1771 Ho-

346 1794 485 1834 merici
512 1793 575 1834 illi
592 1805 733 1834 versus
751 1796 948 1844 spectant,
973 1793 1127 1834 scilicet
1146 1793 1451 1844 psychostasiae
1472 1792 1792 1834 circumdedisse.

347 1856 483 1896 Verba
511 1859 647 1895 autem
671 1854 765 1906 ὅλην
782 1854 1003 1905 τραγῳδίαν
1030 1856 1092 1894 ita
1110 1867 1198 1895 esse
1216 1855 1528 1904 interpretanda
1545 1855 1793 1895 Baumstark

347 1918 513 1969 iudicat,
540 1921 588 1958 ut
605 1921 693 1958 tota
711 1917 788 1958 hac
813 1916 955 1958 fabula
973 1916 1076 1957 nihil
1103 1917 1214 1957 aliud
1232 1916 1311 1957 nisi
1329 1916 1451 1957 solam
1470 1916 1792 1968 psychostasiam

344 1981 674 2030 comprehensam
695 1980 821 2020 fuisse
839 1979 1136 2030 intellegamus.
1181 1979 1260 2020 Sed
1278 1980 1385 2019 hunc
1403 1990 1562 2019 sensum
1580 1980 1792 2020 Plutarchi

345 2042 484 2084 verbis
512 2044 562 2083 de
588 2053 661 2083 suo
688 2042 757 2082 ille
775 2042 961 2092 imputat,
988 2052 1082 2082 nam
1108 2041 1144 2081 si
1174 2042 1345 2092 legimus
1364 2041 1445 2092 ‘eis,
1472 2053 1574 2091 quae
1593 2042 1791 2082 Homerus

343 2106 488 2155 paucis
523 2105 710 2146 versibus
755 2105 839 2145 illis
875 2104 1070 2154 absolvit,
1108 2105 1333 2155 Aeschylus
1374 2107 1503 2144 totam
1539 2104 1791 2154 tragoediam

345 2168 620 2218 circumdedit,
657 2167 716 2208 ita
746 2170 792 2208 ut
820 2167 951 2217 ipsam
979 2166 1159 2207 fabulam
1187 2166 1502 2217 Psychostasian
1539 2165 1790 2218 appellaret',

342 2231 439 2271 inde
466 2231 629 2271 minime
660 2231 856 2281 sequitur,
895 2233 939 2271 ut
972 2230 1015 2270 in
1052 2232 1142 2270 tota
1167 2229 1241 2270 illa
1265 2229 1479 2281 tragoedia
1506 2229 1597 2279 ipsa
1623 2230 1791 2280 psycho-

342 2294 476 2335 stasia
503 2294 672 2334 nullis
700 2293 833 2334 aliis
860 2294 1019 2334 rebus
1043 2292 1373 2334 circumdata
1393 2291 1529 2343 fuerit,
1556 2292 1702 2342 quibus
1720 2293 1790 2333 ad-

341 2356 442 2397 ditis
472 2360 751 2406 argumentum
780 2355 1015 2407 tragoediae
1052 2355 1256 2396 sufficiens
1292 2355 1533 2396 efficeretur.
1588 2354 1791 2396 Summum

344 2419 473 2469 igitur
502 2418 780 2459 Baumstarkii
807 2423 1088 2469 argumentum
1124 2419 1278 2459 nullum
1303 2422 1377 2469 est,
1409 2421 1533 2469 atque
1568 2421 1658 2459 tota
1680 2417 1791 2459 illius

454 2501 465 2520 ¹
489 2502 538 2535 Cf.
560 2484 678 2542 locum,
701 2511 798 2542 quem
821 2502 933 2544 attuli,
955 2502 1143 2543 Plutarchi3
1173 2502 1268 2535 Eust.
1297 2502 1333 2535 in
1362 2501 1476 2535 Ilia-dis
1505 2511 1618 2534 comm.
1642 2510 1672 2542 p.
1697 2499 1790 2540 1266,

343 2553 385 2586 37
408 2554 456 2587 ed.
480 2553 592 2595 Rom.;
615 2552 714 2587 schol.
738 2555 765 2584 A
790 2554 828 2586 Il.
856 2554 882 2584 Θ
904 2553 946 2586 70
968 2553 1143 2595 (Dindorf).
1563 2556 1569 2565 '
