1990 2959
528 151 577 185 De
599 150 798 184 Graecorum
822 151 956 184 deorum
977 149 1128 192 partibus
1150 150 1343 192 Aeschyleis
1607 152 1658 193 33

217 255 453 297 coniectura
481 266 526 294 eo
562 254 683 303 plane
709 252 883 293 refutari
921 252 1021 292 mihi
1056 252 1230 299 videtur,
1265 254 1371 302 quod
1406 265 1456 293 ex
1483 254 1659 294 Pollucis

218 317 448 360 testimonio
484 316 526 368 (1.
566 327 691 367 supra
725 327 762 367 p.
797 316 848 357 31
877 315 919 367 l.)
964 314 1031 357 dei
1067 315 1111 356 in
1148 315 1435 367 Psychostasia
1471 314 1555 356 ἀπὸ
1591 322 1661 356 τοῦ

217 381 453 431 θεολογείου
485 379 597 425 ὄντος
631 376 732 430 ὑπὲρ
768 378 839 430 τὴν
874 378 1016 431 σκηνὴν
1053 376 1095 417 ἐν
1128 378 1228 429 ὕψει
1263 383 1552 429 apparuerunt.
1612 380 1662 419 In

218 443 358 485 fabula
385 442 502 494 enim,
528 453 634 493 quae
661 444 709 483 ut
736 440 1012 482 Baumstarkii
1030 441 1318 493 Psychostasia
1343 453 1418 492 per
1433 442 1539 483 solos
1566 442 1661 484 deos

218 507 367 558 agitur,
394 506 456 546 ita
481 510 529 546 ut
554 505 732 546 homines
768 504 929 545 omnino
956 516 1036 545 non
1062 506 1262 554 prodeant
1283 508 1408 554 atque
1442 504 1661 546 histriones

219 571 441 620 chorusque
476 569 618 611 divina
654 571 805 609 natura
839 567 923 609 sint
956 567 1144 619 praediti,
1180 567 1224 609 hi
1260 567 1326 608 dei
1357 579 1437 609 non
1473 567 1556 608 ἀπὸ
1591 574 1663 608 τοῦ

220 632 453 683 θεολογείου
480 633 551 672 sed
576 631 616 671 in
646 631 740 682 ipsa
767 642 889 671 scena
921 631 947 671 i.
974 642 1008 671 e.
1033 630 1223 681 Aeschyli
1248 631 1495 681 temporibus
1530 631 1573 671 in
1600 643 1662 672 or-

218 695 408 737 chestra¹
436 698 636 746 apparent
662 694 777 735 velut
802 694 868 735 dei
895 693 940 734 in
965 693 1218 734 Prometheis
1245 694 1490 744 prodeuntes
1504 694 1529 732 ⁹.
1582 694 1663 735 Sed

219 758 303 798 ἀπὸ
339 764 412 797 τοῦ
433 759 664 808 θεολογείου
700 757 766 797 dei
802 756 845 797 in
872 757 925 797 iis
951 756 1103 798 fabulis
1130 758 1416 807 producuntur,
1442 757 1485 797 in
1513 756 1661 806 quibus

219 821 273 862 ab
299 820 526 862 hominibus
562 820 606 861 in
632 819 723 871 ipsa
758 831 881 861 scena
916 820 981 862 vel
1015 820 1225 861 orchestra
1251 819 1469 871 agentibus
1511 820 1661 861 debent

218 884 384 924 secerni.
456 883 546 933 Qua
588 886 725 923 tamen
770 884 821 922 de
866 894 989 923 causa
1033 882 1076 922 in
1117 894 1166 923 ea
1205 883 1505 933 Psychostasia,
1540 894 1660 931 quam

220 945 465 987 Baumstark
491 945 691 996 Aeschylo
726 944 928 995 imputare
963 947 1141 995 conatur,
1177 944 1219 985 in
1257 944 1404 986 ceteris
1430 944 1661 996 argumenti

220 1009 404 1058 partibus
440 1009 593 1057 Thetis,
629 1009 807 1057 Aurora,
842 1008 1028 1048 Minerva
1063 1008 1286 1057 chorusque
1322 1008 1484 1048 divinus
1519 1008 1563 1047 in
1597 1019 1661 1047 or—

219 1071 391 1120 chestra,
426 1069 469 1109 in
505 1069 592 1119 ipso
628 1072 763 1110 autem
791 1068 946 1109 animas
980 1070 1237 1120 ponderando
1272 1069 1468 1121 Iuppiter,
1505 1069 1659 1120 Thetis,

221 1135 380 1173 Aurora
406 1132 449 1172 in
476 1131 695 1183 θεολογείῳ
725 1135 962 1183 appareant,
992 1132 1149 1172 omnino
1185 1132 1369 1183 intellegi
1403 1144 1481 1173 non
1514 1135 1658 1182 potest,

220 1194 458 1244 praesertim
494 1206 582 1234 cum
626 1198 788 1234 ceterae
822 1194 919 1234 illae
957 1197 1095 1244 partes
1130 1195 1363 1245 tragoediae
1400 1196 1537 1235 eodem
1572 1195 1658 1235 loco

218 1260 397 1308 agantur
415 1260 537 1306 atque
556 1256 858 1307 psychostasia:
884 1256 928 1296 in
945 1267 995 1297 ea
1012 1256 1170 1298 scilicet
1188 1256 1289 1297 Idae
1307 1257 1454 1298 montis
1482 1257 1657 1308 regione,

220 1321 262 1360 in
291 1332 370 1369 qua
397 1320 582 1369 Iuppiter
608 1323 795 1369 moratur,
824 1331 940 1368 quem
967 1320 1127 1359 Aurora
1153 1323 1196 1360 et
1213 1320 1364 1370 Thetis,
1391 1323 1438 1360 ut
1463 1332 1534 1369 pro
1561 1320 1658 1360 filiis

219 1382 306 1422 suis
333 1381 420 1421 eius
447 1381 623 1431 gratiam
650 1381 874 1431 implorent,
901 1381 1156 1421 conveniunt.

325 1454 438 1505 Quae
466 1466 553 1493 cum
580 1453 641 1493 ita
675 1453 769 1504 sint,
806 1454 939 1494 elucet
973 1453 1016 1493 in
1042 1454 1333 1505 Psychostasia
1357 1454 1551 1504 Aeschyli
1586 1455 1658 1494 hu·

220 1528 360 1557 manas
377 1528 443 1557 res
461 1516 503 1556 in
522 1516 728 1556 orchestra
747 1527 835 1556 esse
854 1519 979 1567 actas,
1005 1517 1099 1557 deos
1120 1519 1267 1567 autem,
1294 1519 1340 1556 ut
1364 1518 1416 1557 ab
1433 1516 1659 1558 hominibus

217 1583 543 1630 secernerentur,
579 1590 704 1628 supra
739 1579 988 1619 orchestram
1023 1579 1066 1618 in
1101 1578 1320 1629 θεολογείῳ
1356 1579 1382 1618 i.
1410 1591 1442 1618 e.
1468 1580 1661 1629 Aeschyli

219 1644 359 1683 aetate
384 1640 560 1682 fortasse
586 1641 629 1681 in
657 1640 812 1692 pulpito
840 1642 1010 1691 quodam
1036 1640 1103 1683 vel
1129 1640 1173 1682 in
1199 1644 1310 1683 tecto
1336 1653 1481 1691 scenae
1494 1641 1510 1665 ⁸
1538 1654 1661 1693 appa-

218 1706 357 1745 ruisse.
421 1704 500 1744 Sed
535 1705 572 1744 si
606 1705 806 1744 humanae
839 1717 994 1753 quoque
1025 1716 1091 1744 res
1126 1705 1203 1744 hac
1234 1705 1278 1744 in
1312 1705 1454 1745 fabula
1488 1705 1662 1755 inerant,

219 1766 440 1807 Memnonis
485 1766 735 1815 Achillisque
790 1777 969 1817 pugnam
1009 1766 1311 1816 Memnonisque
1360 1770 1527 1807 mortem
1574 1778 1661 1808 esse

218 1831 421 1869 tractatas
466 1841 539 1878 per
574 1840 618 1869 se
654 1829 930 1879 intellegitur,
965 1830 1025 1869 ita
1061 1832 1108 1869 ut
1145 1830 1421 1869 Baumstarkii
1457 1830 1662 1870 sententia

218 1902 380 1940 prorsus
408 1891 561 1930 reiecta
587 1891 780 1931 Welcker
807 1895 850 1931 et
867 1891 1124 1931 Hermannus
1151 1891 1265 1931 nobis
1293 1892 1487 1940 sequendi
1514 1891 1608 1932 sint.

324 1953 390 1993 Ea
415 1956 549 1993 autem
576 1954 627 1993 de
654 1965 786 2004 causa,
821 1956 870 1993 ut
896 1953 1016 1994 facile
1038 1953 1137 1994 licet
1165 1965 1412 2004 cognoscere,
1441 1955 1660 2004 Aeschylus

328 2056 340 2075 ²
361 2056 553 2098 Doerpfeld-
540 2056 677 2089 -Reisch
699 2057 721 2089 1.
744 2066 843 2098 supra
865 2066 897 2099 p.
919 2057 940 2089 2
961 2057 982 2090 l.
1005 2066 1037 2098 p.
1061 2056 1199 2098 176sqq.
1222 2056 1339 2098 218sq.

326 2109 340 2128 ¹
363 2109 413 2142 cf.
442 2110 676 2142 Prometheum
697 2109 866 2151 Vinctum,
897 2119 981 2150 quae
1009 2109 1125 2142 fabula
1153 2110 1259 2141 adhuc
1282 2112 1402 2150 exstat,
1433 2112 1466 2141 et
1494 2109 1601 2142 locum
1622 2109 1659 2139 ἐκ

218 2162 275 2199 τῆς
295 2161 452 2200 μουσικῆς
472 2161 616 2202 ἱστορίας
637 2161 857 2202 desumptum,
880 2170 976 2201 quem
998 2169 1097 2201 supra
1125 2170 1157 2201 p.
1181 2160 1222 2192 12
1242 2159 1343 2193 attuli
1365 2169 1495 2201 quoque
1517 2160 1557 2193 de
1579 2160 1658 2193 Pro-

219 2213 361 2246 metheis
382 2212 542 2254 legimus:
566 2211 654 2243 Ἔστι
682 2211 724 2243 τὰ
747 2211 815 2243 α’πό
844 2213 901 2251 τῆς
928 2213 1046 2251 σκηνῆς
1074 2214 1128 2243 καὶ
1148 2213 1206 2249 τῆς
1226 2211 1406 2254 ὀρχήστρας
1434 2212 1518 2243 θεῖα
1546 2211 1659 2244 πάντα

219 2263 396 2307 πρόσωπα,
439 2264 510 2296 Hoc
529 2265 600 2297 loco
622 2264 664 2294 τὰ
686 2261 757 2294 ἀπὸ
778 2264 834 2301 τῆς
855 2264 974 2302 σκηνῆς
1003 2262 1170 2304 πρόσωπα
1191 2264 1368 2297 histriones
1390 2267 1479 2306 sunt,
1507 2264 1583 2297 weil
1610 2264 1660 2298 cic

216 2316 256 2349 in
277 2315 337 2348 der
359 2315 465 2349 Skene
485 2315 647 2349 wolmend
664 2314 806 2358 qedacht
825 2315 912 2357 sind,
935 2324 998 2348 aus
1020 2314 1080 2348 der
1102 2314 1209 2348 Skem
1230 2315 1466 2350 himma-etan
1493 2316 1566 2350 und
1591 2327 1660 2350 von

219 2368 298 2401 dort
316 2367 375 2400 her
403 2367 560 2409 apr-echon
589 2367 917 2410 (Doerpfeld-Reisch
945 2368 969 2400 l.
990 2368 1012 2401 1.
1041 2378 1073 2409 p.
1095 2367 1181 2410 284).
1231 2369 1351 2410 Itaque
1383 2370 1464 2403 haec
1493 2369 1661 2412 πρόσωπα

219 2430 286 2454 ιιοιι
300 2419 408 2462 magis
422 2429 520 2462 super
536 2420 737 2454 orchestram
753 2420 843 2453 elata
858 2423 937 2454 sunt
958 2430 1058 2462 quam
1072 2420 1115 2451 τοὶ
1130 2418 1196 2452 ἀπὸ
1211 2421 1268 2460 τῆς
1289 2420 1471 2464 ὀρχήστρας
1484 2423 1661 2464 πρόσωπα.

326 2471 340 2491 ⁸
360 2472 488 2514 Pollux,
511 2482 585 2505 cum
608 2472 647 2506 de
663 2470 848 2514 θεολογείῳ
868 2473 970 2506 verba
984 2472 1098 2514 faciat,
1121 2474 1262 2506 fortasse
1283 2474 1324 2507 de
1339 2474 1556 2515 posteriorum
1577 2478 1660 2508 tem-

219 2534 335 2566 porum
355 2523 504 2557 aedificio
525 2523 652 2557 scenico
674 2523 812 2567 cogitat,
834 2524 871 2557 in
892 2534 957 2566 quo
971 2524 1023 2557 dis
1044 2527 1156 2558 certus
1177 2525 1277 2568 locus,
1299 2535 1364 2567 quo
1385 2526 1565 2568 prodirent,
1587 2528 1660 2559 ent

217 2576 366 2610 tributus
387 2576 441 2618 (cf.
464 2576 779 2618 Doerpfeld-Reisch
800 2577 822 2610 l.
843 2577 865 2611 l.
887 2587 920 2618 p.
941 2577 1085 2620 218sq.).
1114 2587 1117 2590 ·

282 2638 671 2672 Religiomgesonichtnohe
687 2638 835 2667 Vox-auehe
850 2646 880 2667 u.
897 2627 1093 2667 vombeimi
1108 2640 1186 2673 vm,
1198 2642 1222 2666 a.
1429 2630 1450 2662 3
