1990 2959
363 137 416 176 34
549 143 554 148 ·
961 135 1078 167 Ericus
1100 135 1219 167 Miiller

364 241 405 280 in
433 238 722 290 Psychostasia
746 239 882 278 Iovem
916 240 1150 287 ceterosque
1187 239 1282 278 deos
1318 249 1398 278 non
1433 242 1482 279 nt
1507 239 1731 283 Minervam
1765 246 1812 283 et

364 301 589 351 Apollinem
617 301 659 340 in
678 300 971 341 Eumenidibus
1000 301 1051 340 ad
1074 300 1181 349 ipsos
1198 299 1377 340 homiues
1402 299 1500 340 fecit
1520 302 1809 345 descendentes

363 365 435 405 sed
455 363 594 413 procul
614 363 667 403 ab
685 362 914 403 hominibus
932 360 973 401 ἒν
990 361 1089 413 ὕψει
1106 361 1344 412 introduxit,
1366 364 1472 412 quod
1490 364 1809 414 psychostasiam

363 427 477 476 epico
507 426 688 475 exemplo
716 437 814 465 usus
841 425 884 465 in
912 424 1080 475 Olympo
1093 425 1107 447 ¹
1135 425 1202 466 vel
1229 425 1272 465 in
1299 425 1386 473 Ida,
1414 428 1525 465 certe
1552 426 1637 466 loco
1676 427 1810 477 aliquo

362 488 580 539 superiore,
608 499 658 528 ex
685 499 763 538 quo
790 487 857 528 dei
885 487 993 528 sicut
1030 489 1137 538 apud
1164 488 1380 529 Homerum
1415 487 1618 529 hominum
1655 490 1810 538 proelia

362 553 616 602 spectabant,
644 551 797 591 factam
824 562 912 591 esse
940 551 1082 591 voluit.
1136 552 1272 600 Atque
1302 551 1489 591 Welcker
1526 550 1684 600 quidem
1713 552 1813 592 Tril.

363 627 401 664 p.
438 614 518 654 434
554 614 731 664 putabat
767 614 903 654 eodem
939 625 1069 665 more,
1105 612 1174 663 qui
1209 613 1253 654 in
1279 613 1389 655 vasis
1425 612 1546 664 pictis
1582 613 1810 664 adhibetur,

363 688 443 715 uno
471 680 649 724 tempore
678 676 921 724 Aeschylum
950 676 993 714 in
1020 676 1229 714 orchestra
1255 675 1454 714 Achillem
1489 679 1532 714 et
1559 676 1809 714 Memnonem

363 740 612 790 pugnantes,
649 738 691 777 in
728 737 885 787 pulpito
920 737 1058 778 Iovem
1092 736 1236 778 libram
1282 737 1469 778 manibus
1513 741 1719 778 tenentem
1767 741 1809 778 et

364 800 577 841 Thetidem
606 802 883 849 Auroramque
910 799 1159 850 praebuisse,
1187 811 1292 849 quae
1318 800 1362 839 in
1390 800 1598 850 tragoedia
1623 800 1812 851 gestibus

362 875 441 903 non
486 863 624 904 verbis
674 862 984 913 supplicassent.
1062 863 1189 903 Recte
1233 866 1369 903 autem
1417 862 1624 904 Hermann
1678 874 1812 913 opusc.

363 927 446 966 VII
473 927 548 966 351
561 938 645 975 sqq.
681 926 889 966 Welckeri
924 926 1151 965 sententiae
1187 925 1373 975 opposuit
1407 937 1537 975 neque
1572 926 1655 965 ullo
1692 926 1809 966 testi-

364 989 495 1029 monio
523 988 751 1030 confirmari
779 989 1024 1040 Aeschylum
1051 991 1280 1039 pugnantes
1316 988 1359 1029 in
1387 1000 1547 1029 scenam
1574 988 1809 1039 produxisse

364 1064 493 1103 neque
536 1052 694 1094 omnino
730 1052 927 1093 credibile
963 1064 1051 1093 esse
1093 1064 1171 1093 uno
1209 1053 1425 1102 eodemque
1461 1056 1639 1103 tempore
1675 1052 1810 1093 oculos

365 1117 597 1165 animosque
624 1116 897 1165 spectantium
925 1115 967 1155 in
996 1117 1096 1155 duas
1113 1126 1178 1155 res
1206 1119 1249 1155 et
1275 1116 1360 1155 loco
1388 1120 1431 1155 et
1452 1127 1601 1166 genere
1627 1116 1811 1157 diversas

363 1191 388 1218 a
414 1183 535 1228 poeta
557 1190 645 1219 esse
668 1179 858 1219 intentos.
913 1179 1137 1227 Propterea
1154 1178 1370 1219 verisimile
1397 1182 1461 1218 est
1478 1179 1812 1228 psychostasiam,

364 1252 451 1280 cum
481 1252 617 1281 omnes
638 1241 687 1280 de
707 1251 828 1280 scena
846 1240 888 1280 in
916 1240 1110 1290 proelium
1138 1239 1417 1280 discessissent
1444 1240 1511 1281 vel
1538 1240 1645 1280 solus
1664 1240 1808 1280 chorus

363 1303 641 1351 remansisset,
683 1303 981 1352 spectatoribus
1021 1314 1109 1342 esse
1149 1303 1412 1353 propositam,
1458 1314 1634 1353 pugnam
1680 1303 1807 1352 ipsam

365 1368 506 1416 postea
533 1366 775 1406 nuntiatam.

469 1428 548 1468 Sed
575 1429 701 1467 etiam
721 1429 800 1467 alio
820 1428 1133 1477 Psychostasiae
1151 1428 1237 1467 loco
1265 1429 1362 1467 deus
1380 1428 1544 1467 videtur
1561 1428 1809 1478 apparuisse,

362 1501 451 1529 cum
479 1489 623 1530 Pollux
656 1489 717 1540 iis,
753 1501 857 1539 quae
886 1493 1009 1530 antea
1036 1501 1072 1539 p.
1100 1490 1150 1528 31
1189 1489 1392 1540 exscripsi,
1428 1491 1569 1530 addat:
1607 1489 1657 1529 ‘H
1678 1488 1722 1528 δὲ
1747 1492 1807 1541 γε’-

363 1566 482 1602 ρανος
507 1554 718 1604 μηχάνημά
747 1550 853 1590 ἐστιν
889 1549 930 1590 ἐκ
965 1554 1165 1602 μετεώρου
1201 1551 1520 1604 καταφερόμενον
1547 1550 1612 1605 ἐφ’
1648 1551 1807 1604 ἁρπαγῇ

364 1617 559 1665 σώματος,
598 1612 630 1666 ᾧ
659 1617 847 1668 κέχρηται
874 1615 970 1662 Ἠὼς
998 1614 1235 1668 ἁρπάζουσα
1270 1616 1315 1654 τὸ
1346 1621 1461 1666 σῶμα
1496 1621 1566 1655 τοῦ
1592 1617 1806 1666 Μέμνονος.

363 1680 474 1718 Haec
503 1683 588 1718 tam
616 1682 706 1718 arte
735 1691 824 1718 cum
851 1679 1183 1718 antecedentibus
1221 1680 1446 1729 cohaerent,
1474 1683 1531 1729 ut,
1567 1679 1806 1728 praesertim

363 1753 452 1782 cum
480 1742 530 1781 de
557 1743 695 1782 eodem
723 1742 933 1782 Memnone
960 1753 1025 1781 res
1053 1741 1127 1791 sit,
1164 1741 1328 1782 dubium
1364 1753 1442 1782 non
1478 1741 1677 1788 videatur,
1713 1742 1808 1791 quin

366 1803 487 1843 etiam
517 1804 675 1843 Aurora
712 1803 837 1843 filium
872 1803 1035 1853 rapiens
1070 1815 1092 1843 e
1117 1804 1405 1854 Psychostasia
1433 1804 1624 1855 Aeschyli
1660 1804 1715 1844 sit
1741 1805 1808 1844 de-

365 1870 538 1914 sumpta.
600 1867 649 1905 In
679 1866 936 1915 Aethiopidis
973 1871 1209 1915 argumento
1239 1867 1342 1905 nihil
1378 1866 1487 1905 aliud
1523 1867 1694 1916 legimus
1729 1867 1809 1905 nisi

364 1928 461 1968 Iove
488 1928 687 1977 probante
716 1928 913 1967 Auroram
948 1927 1031 1967 filio
1066 1927 1410 1968 immortalitatem
1444 1929 1614 1968 donasse
1641 1927 1809 1980 (Kinkel

364 1991 388 2030 l.
416 2002 452 2039 p.
482 1991 533 2030 24
561 1991 585 2030 l.
613 2003 649 2039 p.
678 1991 755 2040 33),
785 1991 857 2030 sed
885 1989 1120 2040 Aeschylus,
1157 1990 1279 2030 etiam
1313 2001 1402 2030 cum
1426 1989 1538 2030 illam
1575 1990 1700 2030 filium
1739 2002 1810 2030 au-

364 2052 561 2093 ferentem
589 2052 878 2103 introduceret,
916 2052 1140 2102 exemplum
1178 2052 1334 2101 epicum
1362 2056 1523 2092 secutus
1551 2056 1624 2103 est,
1660 2053 1695 2092 si
1730 2065 1809 2093 non

363 2116 546 2155 Aurorae
575 2118 619 2156 at
647 2119 784 2155 tamen
812 2115 1011 2162 Thetidis,
1048 2126 1073 2154 a
1109 2126 1191 2164 qua
1217 2114 1343 2155 filium
1372 2126 1394 2155 e
1421 2114 1591 2155 fiammis
1628 2120 1808 2166 ereptum

362 2179 405 2219 in
433 2179 608 2219 Leucam
627 2179 799 2220 insulam
820 2191 908 2219 esse
927 2180 1157 2219 traductum
1176 2178 1433 2228 Aethiopidis
1459 2182 1602 2218 auctor
1622 2179 1811 2220 narravit

364 2241 430 2292 (cf.
466 2253 589 2291 supra
628 2254 665 2291 p.
702 2242 780 2291 30).
849 2241 1050 2292 Quomodo
1087 2245 1222 2281 autem
1258 2241 1485 2291 Aeschylus
1520 2241 1595 2281 hoc
1628 2241 1713 2281 loco
1747 2241 1808 2281 in-

363 2303 595 2345 troduxerit
622 2305 831 2355 Auroram,
858 2304 1054 2345 incertum
1080 2307 1155 2354 est,
1183 2315 1269 2344 cum
1296 2303 1385 2345 iure
1403 2303 1484 2345 viri
1513 2303 1621 2344 docti
1647 2304 1808 2344 dubita-

362 2368 511 2417 verint,
538 2378 632 2406 num
660 2367 869 2407 machinas
906 2371 991 2407 tam
1020 2366 1261 2407 artificiosas
1287 2366 1367 2406 iam
1395 2366 1467 2406 ille
1494 2366 1735 2416 adhibuerit,
1763 2370 1808 2406 ut

473 2513 483 2532 ¹
507 2514 547 2546 In
581 2514 721 2554 Olympo
754 2514 906 2555 Iuppiter
938 2515 1093 2547 Hectoris
1125 2514 1328 2556 Achillisque
1368 2516 1472 2547 sortes
1505 2513 1594 2562 apud
1626 2513 1808 2547 Homerum

362 2565 522 2608 pensitat,
546 2566 586 2599 cf.
611 2565 641 2598 X
665 2565 726 2599 165
735 2575 814 2608 sqq.,
837 2567 1011 2608 praecipue
1033 2567 1063 2600 X
1086 2567 1158 2600 187.
