1990 2959
557 179 606 211 De
629 178 826 212 Graecorum
848 180 982 212 deorum
1004 179 1153 220 partibus
1175 178 1368 221 Aeschyleis
1635 178 1687 219 35

247 283 361 322 deam
387 293 458 331 per
485 293 618 323 aerem
645 282 900 323 devolantem
927 283 1205 333 spectantibus
1241 285 1536 324 demonstraret
1562 286 1686 333 atque

247 344 403 395 Pollux,
431 356 518 385 cum
546 346 595 385 de
613 346 762 397 γεράνῳ
787 344 857 386 1110
874 346 1072 397 loquatur,
1098 346 1325 386 machinam
1342 348 1529 396 spectare
1546 346 1686 396 possit,

247 418 352 457 quae
378 408 548 457 posteris
570 411 728 449 tantum
755 408 999 458 temporibus
1034 408 1078 448 in
1104 408 1244 449 fabula
1269 408 1341 449 illa
1367 409 1593 459 Aeschylea
1615 409 1685 448 ad—

246 470 473 520 hibebatur,
500 471 699 521 Aeschylo
726 474 862 512 autem
889 471 968 521 ipsi
995 474 1084 511 erat
1110 471 1252 521 ignota
1265 473 1291 511 ¹.

351 533 504 585 Quodsi
522 534 612 584 quis
629 534 703 574 has
720 534 966 584 tragoedias,
984 534 1129 583 quibus
1152 535 1201 574 de
1220 534 1375 574 Troicis
1394 534 1515 574 rebus
1534 535 1684 584 agitur,

245 607 332 635 cum
359 596 444 636 illis
472 597 730 647 comparabit,
757 607 856 645 quas
884 599 1006 635 antea
1031 596 1380 646 perlustravimuS,
1407 607 1487 636 non
1513 597 1683 637 eandem

244 659 427 707 utrisque
462 659 635 698 indolem
673 670 762 697 esse
798 662 1021 706 cognoscet.
1092 657 1254 696 Priores
1299 658 1405 696 enim
1445 659 1684 707 tragoediae

245 719 516 769 Danaidibus,
554 721 603 759 de
639 719 785 769 quibus
821 718 961 759 statim
998 718 1224 769 loquemur,
1268 718 1448 768 exceptis
1483 718 1684 759 artissime

246 794 334 823 cum
368 782 565 832 religione
601 783 817 822 cohaerent
853 785 896 822 et
931 780 1120 831 religioni
1154 781 1391 831 inserviunt,
1430 792 1520 821 cum
1554 781 1598 821 in
1632 781 1684 821 iis

246 847 319 885 aut
346 845 479 885 cultus
505 845 690 894 ritusque
715 844 986 884 instituantur
1023 846 1096 883 aut
1123 844 1173 883 de
1199 843 1320 883 factis
1347 844 1509 884 deorum
1536 847 1686 895 agatur

245 910 329 958 aut,
356 909 547 957 quomodo
574 908 641 947 dei
659 908 879 947 sceleratos
897 906 1076 946 homines
1095 906 1353 957 ulciscantur,
1380 908 1686 947 demonstretur.

245 970 294 1009 In
329 969 551 1020 tragoediis
587 969 758 1009 alterius
793 969 955 1019 generis
990 968 1103 1008 facta
1138 971 1346 1017 sortesque
1381 969 1545 1009 heroum
1585 970 1686 1009 cele-

244 1034 427 1073 brantur.
480 1033 619 1082 Neque
646 1035 785 1072 tamen
821 1032 941 1083 plane
977 1033 1028 1072 ad
1060 1032 1146 1072 hoc
1170 1043 1301 1082 neque
1333 1033 1386 1073 ad
1421 1031 1523 1072 illud
1559 1044 1686 1083 genus

245 1095 451 1145 pertinent
469 1095 685 1145 Danaides,
705 1107 795 1135 cum
813 1096 913 1135 haec
931 1094 1071 1136 fabula
1087 1098 1135 1135 ut
1153 1095 1317 1135 heroum
1330 1098 1461 1135 sortes
1481 1096 1687 1135 contineat

245 1158 305 1199 ita
323 1158 492 1208 Venere,
510 1169 613 1208 quae
628 1157 867 1208 gravissime
887 1160 930 1199 et
944 1157 1243 1209 religiosissime
1261 1157 1408 1198 amoris
1427 1158 1686 1199 sanctitatem

246 1221 469 1270 praedicat,
496 1221 729 1259 introducta
758 1220 880 1260 etiam
909 1231 997 1260 cum
1026 1220 1219 1270 religione
1247 1220 1527 1270 coniungatur.

349 1282 462 1333 Quod
502 1282 648 1332 prioris
685 1283 847 1332 generis
883 1283 1115 1333 tragoedias
1152 1283 1321 1333 attinet,
1358 1283 1683 1323 Prometheorum

244 1348 483 1395 argumenta
508 1346 731 1396 Aeschylus
757 1345 920 1386 videtur
946 1345 1211 1395 desumpsisse
1238 1357 1287 1385 ex
1307 1346 1484 1386 carmine
1511 1346 1683 1395 quodam

246 1409 368 1458 epico,
405 1410 508 1457 quod
544 1420 652 1447 more
689 1408 1032 1458 Titanomachiae,
1069 1420 1173 1456 quae
1206 1408 1357 1447 dicitur
1392 1407 1545 1457 cyclica
1557 1408 1584 1457 ²,
1618 1408 1684 1447 vel

244 1469 500 1519 Theogoniae
518 1469 685 1509 Hesiodi
703 1470 962 1519 compositum
981 1481 1047 1510 res
1062 1471 1113 1509 ad
1130 1469 1408 1509 Prometheum
1429 1469 1683 1518 pertinentes

244 1531 488 1572 continebat.
543 1531 773 1572 Ceterarum
800 1531 947 1582 prioris
984 1531 1144 1582 generis
1172 1531 1401 1571 fabularum
1428 1538 1683 1582 argumenta,

244 1594 426 1644 quamvis
444 1593 646 1634 interdum
666 1594 790 1634 etiam
809 1596 915 1644 apud
933 1594 1066 1645 epicos
1085 1598 1390 1635 commemorata
1409 1605 1497 1635 esse
1515 1594 1682 1644 possint,

243 1657 357 1698 velut
384 1658 580 1697 Homerus
606 1658 647 1697 in
675 1658 804 1698 Iliade
841 1658 900 1698 VI
926 1658 1002 1698 130
1011 1669 1096 1707 sqq.
1130 1659 1180 1697 de
1203 1658 1390 1707 Lycurgo
1418 1658 1545 1698 verba
1570 1658 1683 1703 facit,

243 1724 379 1760 tamen
398 1719 527 1760 fusius
546 1720 589 1760 in
613 1720 857 1761 carminibus
876 1720 1002 1771 epicis
1029 1719 1188 1760 tradita
1215 1731 1305 1761 esse
1331 1719 1540 1761 nescimus.
1592 1719 1684 1771 Qua

243 1784 293 1822 de
330 1794 453 1822 causa
488 1784 800 1823 concludendum
846 1788 909 1823 est
945 1784 1008 1823 his
1042 1783 1086 1823 111
1121 1782 1290 1833 fabulis,
1337 1783 1483 1832 quibus
1520 1784 1682 1823 deorum

242 1845 426 1895 potentia
453 1848 495 1885 et
521 1845 712 1886 maiestas
744 1846 1041 1896 praedicantur,
1068 1846 1312 1896 Aeschylum
1347 1846 1514 1896 hymnos
1550 1857 1685 1886 sacros

242 1907 553 1957 Homericorum‚
585 1908 654 1957 qui
681 1908 881 1959 dicuntur,
917 1909 1154 1959 hymnorum
1181 1908 1331 1948 similes
1367 1912 1551 1948 secutum
1588 1919 1684 1958 esse,

243 1969 389 2019 quibus
418 1971 580 2010 deorum
607 1971 720 2010 facta
755 1972 1015 2011 canebantur.
1068 1970 1146 2021 Sic,
1174 1974 1220 2010 ut
1246 1971 1471 2019 exemplum
1508 1969 1684 2017 afferam,

242 2032 413 2082 septimo
450 2033 596 2083 hymno
625 2032 846 2084 Homerico,
882 2034 1073 2082 quomodo
1109 2032 1234 2072 Liber
1268 2032 1426 2081 piratas
1454 2032 1683 2081 Tyrrhenos

242 2094 355 2135 ultus
374 2095 442 2145 sit,
468 2098 685 2135 enarratur
702 2097 840 2136 eodem
858 2097 984 2146 modo,
1010 2107 1087 2144 quo
1106 2095 1329 2145 Aeschylus
1348 2105 1509 2143 poenas,
1537 2094 1683 2143 quibus

243 2157 455 2209 Lycurgus
483 2161 526 2198 et
553 2158 755 2200 Pentheus
782 2159 834 2199 ab
862 2159 998 2200 eodem
1025 2147 1205 2208 Dionys&
1235 2157 1372 2197 affecti
1398 2160 1504 2207 sunt,
1530 2157 1573 2197 in
1597 2160 1683 2196 tra-

242 2220 397 2269 goediis
431 2220 650 2269 proposuit.
713 2222 935 2261 Praeterea
968 2225 1104 2260 autem
1140 2231 1191 2259 ex
1226 2219 1385 2268 fabulis,
1422 2230 1526 2267 quae
1560 2219 1682 2269 vulgo

243 2285 314 2321 aut
332 2282 384 2321 ab
403 2282 681 2322 sacerdotibus
699 2283 936 2333 templorum
964 2283 1013 2323 de
1032 2282 1094 2322 dis
1111 2282 1380 2322 tradebantur
1397 2292 1528 2331 neque
1545 2284 1683 2322 tamen

242 2344 321 2384 iam
349 2344 390 2383 in
417 2345 585 2394 hymnos
612 2346 874 2395 transierunt,
897 2344 1197 2394 tragoediarum
1232 2345 1285 2383 ad
1311 2345 1475 2383 deorum
1501 2344 1685 2384 facinora

241 2404 532 2456 pertinentium
559 2411 796 2457 argumenta
820 2407 1041 2458 Aeschylus
1069 2408 1277 2447 desumere
1304 2405 1450 2457 potuit.

350 2553 363 2572 ¹
384 2553 434 2587 cf.
456 2553 770 2595 Doerpfeld-Reisch
795 2552 927 2587 Griech.
954 2553 1096 2587 Theater
1117 2564 1148 2596 p.
1171 2554 1243 2588 219.

349 2606 363 2625 ²
383 2606 508 2639 Kinkel
529 2606 551 2640 1.
572 2616 604 2647 p.
627 2606 669 2638 24
689 2606 710 2639 1.
733 2616 764 2647 p.
786 2605 885 2647 bsqq.
1453 2657 1473 2691 3

1475 2660 1492 2681 t
