1990 2959
357 136 411 178 30
739 173 743 175 Α
955 136 1072 171 Ericus
1093 137 1213 172 Miiller

353 240 566 281 Thetidem
603 241 739 280 autem
765 238 924 280 Achille
961 242 1117 282 mortuo
1153 239 1233 281 iam
1259 240 1303 281 in
1331 241 1586 295 Aethiopiae,
1622 246 1800 288 carmine

352 304 513 353 cyclico,
545 306 684 343 castra
711 303 962 343 Achaeorum
990 304 1169 343 intrasse
1194 304 1399 353 filiumque
1419 305 1651 354 deplorasse
1667 308 1800 348 Procli

353 367 593 415 argumento
621 364 789 417 (Rinkel
807 376 868 416 ep.
887 377 945 417 gr.
964 365 1013 406 fr.
1031 377 1067 415 p.
1086 366 1154 418 34)
1171 366 1479 407 demonstratur.
1534 367 1655 415 Apud
1681 369 1799 418 hunc,

352 432 565 478 postquam
603 429 790 478 exposita
826 432 931 478 sunt,
968 441 1073 478 quae
1109 430 1224 469 modo
1257 430 1572 479 commemoravi,
1608 431 1799 480 legimus:

351 490 432 530 Καὶ
457 489 556 541 μετὰ
582 497 707 530 ταῦτα
734 487 776 530 ἐκ
801 496 868 544 τῆς
905 497 1035 544 πυρᾶς
1069 490 1091 542 ἡ
1120 493 1231 539 Θέτις
1266 490 1531 544 ἀναρπάσασα
1565 490 1635 532 τὸν
1669 492 1800 533 παῖδα

354 552 410 600 εἷς
435 554 502 606 τὴν
528 555 682 607 Λευκὴν
707 561 824 607 νῆσον
853 555 1086 604 διακομίζει.
1144 554 1182 594 οἱ
1220 555 1263 594 δὲ
1289 555 1437 604 Ἀχαιοὶ
1464 554 1534 594 τὸν
1568 557 1698 608 τάφον
1723 559 1800 605 χώ·

353 630 492 664 σαντες
518 616 654 670 ἀγῶνα
690 620 864 669 τιθέασι,
897 617 963 657 καὶ
1000 618 1096 670 περὶ
1122 624 1201 657 τῶν
1226 617 1432 668 Ἀχιλλέως
1467 617 1603 658 ὅπλων
1629 617 1801 658 Ὀδυσσεῖ

352 681 419 720 καὶ
446 680 590 721 Ᾰίαντι
617 682 751 728 στάσις
777 680 981 731 ἐμπίπτει.
1045 683 1131 733 Quo
1168 695 1216 722 ex
1244 683 1329 723 loco
1357 686 1528 732 apparet
1563 683 1604 723 in
1632 683 1800 723 Aethio·

352 744 446 793 pide
473 744 552 783 iam
580 747 677 784 ante
703 745 817 784 ludos
843 743 1034 784 funebres
1060 756 1340 794 armorumque
1365 744 1556 785 iudicium
1576 745 1800 796 Thetidem,

352 819 441 847 cum
469 807 593 847 filium
621 819 643 847 e
670 819 767 857 rogo
796 806 1023 858 eripuisset,
1052 808 1197 857 abisse,
1233 819 1352 856 quam
1390 808 1468 857 ipsi
1503 808 1652 848 iudicio
1690 809 1800 858 apud

351 869 596 920 Aeschylum
632 868 870 909 interfuisse
906 868 1132 920 fragmento
1171 870 1259 919 174,
1293 871 1399 919 quod
1435 870 1568 920 attuli,
1604 871 1799 911 docemur.

353 932 466 972 Haec
503 935 638 972 autem
677 932 872 983 Aeschyli
908 932 1086 983 eiusque,
1124 932 1192 982 qui
1229 933 1513 983 Aethiopidem
1549 933 1799 983 conscripsit,

352 995 549 1036 dissensio
577 995 770 1036 facillime
798 995 1037 1046 explicatur,
1074 995 1110 1036 si
1137 996 1373 1047 tragoediae
1412 1001 1693 1048 argumentum
1720 1008 1799 1037 non

352 1070 405 1099 ex
431 1058 687 1109 Aethiopide,
715 1060 787 1098 sed
814 1069 865 1098 ex
891 1070 1020 1109 parva
1039 1059 1167 1099 Iliade
1187 1060 1438 1109 desumptum
1468 1071 1555 1099 esse
1581 1070 1799 1110 censemus,

356 1122 468 1163 cuius
496 1122 614 1162 initio
642 1122 746 1162 idem
773 1122 965 1163 iudicium
1003 1126 1212 1163 cantatum
1240 1127 1330 1163 erat
1357 1122 1524 1173 (Kinkel
1551 1123 1576 1163 l.
1604 1123 1627 1163 l.
1656 1135 1693 1172 p.
1720 1122 1799 1173 36).

354 1185 502 1234 Itaque
530 1185 680 1234 optimo
717 1185 806 1224 iure
833 1185 1015 1225 Nauckio
1052 1185 1243 1225 assentiri
1278 1185 1394 1235 licet,
1430 1185 1498 1234 qui
1527 1185 1636 1225 TGF
1672 1197 1709 1234 p.
1736 1186 1799 1235 57,

354 1250 460 1297 quod
482 1247 727 1288 Aristoteles
745 1249 789 1288 in
809 1251 898 1288 arte
917 1247 1075 1298 poetica
1092 1248 1143 1288 23
1162 1260 1196 1298 p.
1219 1249 1356 1288 1459b
1385 1249 1601 1289 secundum
1630 1259 1799 1298 parvam

354 1311 526 1350 Iliadem
563 1311 673 1350 inter
708 1311 812 1350 alias
848 1311 1081 1361 tragoedias
1117 1309 1252 1349 ὅπλων
1287 1311 1415 1362 κρίσιν
1451 1310 1673 1351 confectam
1710 1321 1799 1351 esse

353 1377 543 1424 testatur,
570 1374 645 1414 hoc
672 1375 722 1414 de
749 1374 977 1425 Aeschylea
1013 1374 1155 1414 fabula
1182 1373 1332 1414 dictum
1361 1385 1448 1414 esse
1483 1374 1647 1424 iudicat,
1683 1385 1798 1423 prae·

352 1436 494 1477 sertim
531 1448 618 1477 cum
667 1436 836 1477 alterius
877 1435 1013 1475 ὅπλων
1049 1438 1216 1489 κρίσεως
1252 1436 1431 1487 vestigia
1473 1437 1516 1476 in
1552 1436 1797 1488 tragicorum

353 1501 595 1541 Graecorum
624 1500 808 1549 reliquiis
844 1512 922 1540 non
952 1504 1123 1540 exstent.
1185 1500 1341 1540 Eadem
1378 1504 1511 1540 autem
1547 1512 1679 1540 rerum
1719 1500 1798 1540 dis-

352 1563 510 1613 positio,
529 1575 645 1612 quam
667 1565 773 1613 apud
793 1563 1037 1613 Aeschylum
1051 1563 1290 1613 invenimus,
1308 1563 1453 1603 Iliadis
1469 1574 1626 1612 quoque
1644 1573 1798 1612 parvae

353 1626 510 1666 auctori
547 1638 592 1666 eo
628 1626 758 1676 magis
797 1626 924 1666 tribui
960 1629 1113 1676 potest,
1149 1627 1254 1676 quod
1290 1637 1379 1666 eam
1420 1625 1629 1667 veteribus
1669 1624 1799 1675 poetis

353 1689 481 1738 epicis
518 1688 700 1739 ignotam
736 1700 815 1729 non
852 1689 978 1729 fuisse
1006 1689 1210 1740 Odysseae
1248 1700 1408 1729 carmen
1446 1689 1573 1729 docet.
1635 1688 1683 1728 In
1722 1689 1798 1728 hac

354 1752 459 1792 enim
489 1753 634 1792 Thetis
662 1766 694 1789 ω
721 1753 772 1792 85
783 1764 868 1801 sqq.
896 1752 938 1791 in
964 1752 1039 1792 filii
1066 1753 1251 1792 honorem
1279 1752 1395 1792 ludos
1423 1751 1614 1792 funebres
1641 1751 1728 1791 edit
1754 1754 1797 1791 et

353 1814 376 1852 λ
402 1815 480 1855 544
491 1826 574 1864 sqq.
602 1814 736 1855 Ulixis
764 1817 807 1854 et
836 1814 975 1855 Aiacis
1001 1814 1229 1855 discordiae
1256 1814 1451 1865 oriuntur,
1477 1817 1689 1864 postquam
1707 1813 1798 1864 ipsa

353 1878 497 1918 Thetis
524 1878 698 1918 Achillis
727 1889 840 1917 arma
868 1878 1043 1918 Achaeis
1065 1878 1248 1927 praemia
1274 1877 1482 1927 proposuit
1494 1877 1520 1917 ¹.
1573 1878 1797 1917 Secundum

353 2006 428 2044 post
449 2005 589 2043 quartae
605 2001 774 2034 columnae
789 2011 902 2034 vocem
924 2001 1067 2040 Λήμνιοι
1080 2001 1277 2034 intercidere
1298 2001 1410 2041 potuit
1431 2001 1484 2041 (cf.
1507 2001 1547 2034 de
1561 2001 1622 2034 hoc
1644 2001 1797 2042 catalogo

353 2055 393 2087 A.
410 2054 580 2086 Dieterich
595 2054 616 2085 1.
633 2063 734 2094 supra
749 2063 779 2094 p.
797 2053 837 2085 19
851 2053 896 2094 1.).
941 2053 1024 2086 Sane
1047 2053 1134 2094 quod
1156 2052 1327 2086 contendit
1347 2053 1550 2085 Baumstark
1571 2052 1631 2085 illa
1645 2052 1798 2085 Thetidis

353 2107 463 2146 verba,
494 2105 523 2139 si
545 2106 721 2138 Armorum
751 2104 875 2138 iudicio
903 2105 1104 2146 tribuantur,
1134 2105 1269 2146 prologo
1300 2114 1370 2138 esse
1402 2104 1584 2146 inserenda,
1615 2114 1635 2137 a
1662 2104 1797 2147 prologo

353 2162 464 2191 autem
495 2159 671 2191 verborum
700 2158 740 2188 τὸ
769 2157 884 2189 πάθος
913 2158 1105 2199 abhorrere,
1134 2157 1169 2189 id
1197 2157 1287 2190 iusto
1317 2160 1408 2189 caret
1435 2157 1661 2190 fundamento.
1711 2156 1797 2189 Nam

352 2210 470 2244 Thetis
491 2210 573 2244 haec
595 2210 630 2243 in
644 2209 750 2252 primo
773 2212 851 2243 actu
874 2210 963 2251 apud
978 2210 1128 2243 Achaeos
1148 2209 1294 2251 proferre
1308 2209 1429 2251 potuit,
1451 2219 1516 2251 quo
1538 2209 1607 2242 loco
1629 2218 1688 2242 cur
1709 2218 1797 2242 acer-

350 2263 444 2296 rimis
467 2263 578 2296 verbis
600 2272 640 2296 ea
661 2263 713 2296 uti
738 2273 803 2296 non
826 2263 982 2305 potuerit,
1005 2263 1203 2304 intellegere
1232 2272 1368 2303 nequeo.
1420 2262 1540 2302 Itaque
1561 2261 1797 2295 Baumstarkio

350 2325 417 2349 non
440 2315 592 2357 contigit,
615 2318 656 2348 ut
676 2315 796 2348 falsam
818 2324 889 2349 esse
912 2314 1097 2348 Hei-manni
1125 2314 1327 2348 sententiam
1356 2314 1607 2355 demonstraret,
1635 2314 1693 2347 sed
1721 2323 1796 2346 cum

351 2368 433 2401 haec
455 2377 585 2409 quoque
607 2367 815 2410 argumentis
836 2368 934 2408 plane
961 2368 1060 2401 certis
1081 2367 1208 2400 firmari
1235 2377 1302 2400 non
1323 2367 1437 2409 possit,
1471 2366 1712 2400 concedendum
1733 2368 1796 2407 est,

351 2419 381 2452 si
403 2420 535 2459 quidem
554 2419 737 2460 Aeschylus
757 2419 965 2461 tragoediam
987 2420 1027 2452 de
1043 2418 1182 2452 Achillis
1203 2422 1308 2452 morte
1323 2419 1525 2461 conscripsit,
1546 2418 1619 2452 fieri
1639 2418 1797 2460 potuisse,

351 2474 391 2504 ut
412 2471 448 2503 in
470 2470 569 2503 huius
591 2480 719 2512 quoque
740 2471 875 2504 fabulae
897 2472 999 2504 exodo
1022 2470 1173 2504 Thetidis
1195 2471 1254 2504 illa
1275 2471 1480 2512 querimonia
1501 2471 1634 2504 inesset.

460 2523 473 2542 ¹
493 2522 643 2555 Eandem
682 2525 785 2563 atque
824 2523 1008 2564 Aeschylus
1048 2523 1296 2564 dispositionem
1331 2523 1470 2564 praebet
1511 2523 1613 2564 etiam
1652 2522 1797 2562 Quintus

351 2575 562 2616 Smyrnaeus,
592 2574 650 2616 qui
679 2574 713 2607 in
743 2574 1000 2608 Posthomericis
1032 2575 1102 2608 suis
1134 2584 1183 2617 ea,
1216 2584 1301 2616 quae
1330 2575 1366 2607 in
1399 2574 1567 2609 veteribus
1596 2572 1797 2607 carminibus
