1990 2959
540 191 588 223 De
611 191 807 224 Graecorum
829 192 965 224 deorum
987 191 1136 232 partibus
1158 190 1353 231 Aeschyleis
1615 191 1666 229 39

229 295 413 337 carmina
449 294 639 346 Quintus,
675 302 721 336 ut
755 295 835 336 iam
868 299 989 336 antea
1024 307 1063 345 p.
1091 296 1143 336 30
1153 307 1209 345 sq.
1237 296 1430 345 diximus,
1471 295 1552 335 iam
1589 305 1669 335 non

233 358 396 399 videtur
439 358 688 408 adhibuisse,
732 370 880 409 magna
920 370 1009 398 cum
1045 358 1133 399 veri
1168 358 1298 408 specie
1334 358 1598 407 Kehmptzow
1642 357 1668 398 1.

232 420 382 461 ibidem
408 420 433 460 l.
460 433 498 470 p.
526 421 575 460 16
603 424 646 460 et
673 421 919 461 Baumstark
945 421 969 460 l.
996 432 1119 470 supra
1146 433 1183 470 p.
1210 421 1262 460 29
1291 421 1316 461 l.
1339 433 1376 470 p.
1407 421 1484 460 281
1513 421 1666 460 iudica-

232 485 380 523 verunt
407 484 461 523 ad
486 482 612 533 ipsius
639 483 831 533 Aeschyli
857 482 1078 533 exemplum
1106 482 1308 533 Quintum,
1345 494 1449 532 quae
1484 483 1667 533 praebet,

229 546 495 596 composuisse
508 546 534 586 ¹.
604 547 778 585 Tantum
818 545 947 595 igitur
983 545 1126 584 coloris
1162 545 1267 594 epici
1302 545 1365 584 his
1403 546 1446 584 in
1481 545 1667 586 versibus

230 608 467 659 Aeschyleis
494 607 612 658 inest,
639 610 686 647 ut
712 608 764 647 ab
783 607 896 656 epico
923 609 1044 656 poeta
1070 618 1197 656 paene
1224 619 1303 647 non
1321 608 1554 648 commutati
1580 608 1666 648 eius

232 671 359 720 ipsius
376 670 486 719 operi
504 669 629 708 inseri
647 669 863 718 potuerint.
903 670 1043 717 Neque
1061 672 1196 708 tamen
1216 669 1296 708 dici
1313 673 1455 719 potest,
1473 674 1666 718 quantum

227 731 355 771 etiam
381 731 469 771 ludi
495 730 601 770 sacri
635 730 741 770 ratio
776 729 820 769 in
847 730 1013 769 Troicas
1038 730 1231 779 Aeschyli
1267 731 1429 770 fabulas
1464 732 1667 771 translata

230 793 299 833 sit.
351 793 453 832 Nam
489 792 525 832 si
551 795 661 831 recte
687 792 934 831 Baumstark
969 792 1140 831 coniecit
1166 792 1247 831 iam
1284 793 1326 831 in
1355 793 1547 842 Aeschyli
1582 796 1667 832 tra-

231 855 387 906 goedia,
423 866 504 903 qua
537 855 587 894 de
623 853 795 894 Achillis
831 857 960 894 morte
995 857 1197 904 ageretur,
1228 854 1460 904 Neptunum
1497 855 1668 895 Achillis

228 917 383 957 cultum
410 916 634 956 condidisse
670 915 735 967 (cf.
763 927 883 965 supra
918 928 956 965 p.
982 916 1060 968 36),
1097 917 1236 956 eadem
1263 927 1313 956 ex
1340 917 1426 956 ludi
1461 917 1569 957 sacri
1604 929 1668 957 ra-

228 979 342 1020 tione
368 978 410 1018 in
429 978 639 1029 tragoedia
665 978 753 1018 fieri
771 982 1001 1028 potuerunt,
1028 991 1131 1028 quae
1148 983 1291 1028 postea
1310 979 1483 1029 Quintus
1510 980 1668 1020 heroico

229 1040 400 1081 carmini
426 1041 595 1091 aptavit.
658 1042 793 1090 Atque
821 1041 857 1081 si
884 1053 1028 1081 revera
1058 1041 1101 1081 in
1129 1040 1241 1085 exitu
1278 1041 1397 1082 huius
1433 1042 1670 1092 tragoediae

232 1104 446 1154 Neptunus
475 1115 591 1144 sacra
624 1103 842 1145 instituens
877 1103 1038 1155 prodiit,
1073 1104 1139 1145 hic
1175 1105 1274 1145 deus
1310 1104 1392 1145 illis
1433 1106 1550 1151 θεοῖς
1585 1103 1668 1144 ἀπὸ

233 1173 406 1219 μηχανῆς
441 1166 668 1207 simillimus
702 1166 801 1217 fuit,
838 1166 984 1216 quibus
1022 1170 1162 1216 postea
1198 1167 1413 1217 praecipue
1450 1168 1669 1218 Euripides

230 1230 436 1270 utebatur.

335 1293 550 1341 Hucusque
576 1304 642 1332 eos
670 1293 942 1342 spectavimus
970 1293 1074 1342 deos,
1110 1292 1178 1341 qui
1214 1304 1353 1333 severo
1381 1305 1488 1333 more
1515 1293 1557 1333 in
1585 1296 1668 1334 tra-

230 1354 383 1405 goediis
412 1357 698 1405 apparuerunt,
724 1354 848 1394 hilari
874 1357 1009 1394 autem
1037 1357 1160 1404 atque
1191 1354 1371 1395 iocantes
1408 1355 1472 1395 dei
1507 1355 1549 1395 in
1578 1355 1667 1396 Ca-

230 1417 395 1457 biris²
422 1417 613 1467 Aeschyli
636 1417 820 1466 producti
838 1421 943 1468 sunt,
971 1417 1083 1457 cuius
1107 1417 1339 1467 tragoediae
1356 1418 1372 1440 ³
1390 1421 1669 1468 argumentum

226 1492 283 1521 ex
309 1483 491 1530 poemate
519 1481 688 1529 quodam
716 1479 838 1530 epico,
876 1492 952 1529 quo
980 1482 1030 1520 de
1057 1481 1381 1530 Argonautarum
1411 1481 1667 1530 expeditione

228 1544 429 1593 agebatur
441 1544 468 1593 ⁴⁶,
496 1544 746 1592 desumptum
784 1554 872 1582 esse
903 1543 1123 1583 verisimile
1150 1546 1222 1583 est.
1289 1543 1533 1594 Fragmento
1561 1544 1666 1583 enim

227 1606 328 1645 96N
357 1608 399 1646 et
426 1605 493 1657 eis,
522 1617 624 1654 quae
652 1605 885 1645 Athenaeus
909 1605 950 1645 X
985 1617 1020 1655 p.
1048 1605 1181 1656 428F,
1215 1605 1323 1646 TGF
1359 1618 1395 1656 p.
1423 1607 1471 1646 31
1502 1609 1545 1647 et
1572 1606 1666 1647 Plu-

229 1669 395 1708 tarchus
423 1672 576 1717 quaest.
602 1680 712 1709 conv.
738 1668 782 1708 ΙΙ
803 1669 836 1718 1,
865 1670 888 1708 7
915 1681 952 1718 p.
980 1669 1057 1708 632
1068 1668 1111 1719 F,
1139 1668 1187 1708 fr.
1214 1669 1310 1708 97N
1340 1670 1518 1719 tradunt,
1556 1670 1666 1709 clare

226 1730 459 1770 ostenditur
486 1732 535 1770 de
562 1731 751 1779 opulenta
778 1742 878 1770 cena
902 1732 953 1770 ab
973 1731 1223 1780 Argonautis
1242 1731 1384 1770 Lemni
1410 1736 1558 1780 parata
1582 1744 1666 1772 rem

229 1792 366 1843 fuisse,
401 1793 505 1832 unde
533 1792 696 1842 nuptias
722 1792 877 1832 Iasonis
909 1796 951 1833 et
979 1793 1229 1844 Hypsipylae
1267 1793 1512 1842 aliorumque
1540 1794 1667 1844 Argo-

336 1938 348 1957 ¹
369 1938 473 1972 Plane
500 1949 519 1971 a
548 1948 628 1972 vero
656 1938 823 1972 aberravit
850 1938 1014 1980 Koechly,
1045 1938 1103 1979 qui
1131 1939 1166 1971 in
1195 1939 1311 1979 Quinti
1340 1939 1483 1972 editione
1513 1950 1543 1980 p.
1574 1940 1668 1973 XXV

228 1990 402 2024 contendit
418 1990 567 2024 versibus
582 1990 738 2032 Aeschyli
760 1993 794 2024 et
808 1990 926 2032 Quinti
939 1990 1069 2032 aliquid
1090 1989 1329 2023 similitudinis
1349 1991 1457 2024 inesse
1480 2001 1540 2024 nec
1556 1992 1668 2024 tamen

231 2044 374 2084 tantum,
397 2044 438 2075 ut
458 2043 618 2083 Quintum
640 2054 681 2075 ex
700 2042 840 2085 Trayico
862 2053 916 2075 eos
938 2042 1155 2075 transtulisse
1170 2045 1340 2085 putemus.
1384 2044 1488 2076 Immo
1503 2054 1567 2076 non
1590 2054 1666 2084 quo·

228 2096 305 2128 dam
327 2096 421 2128 modo
443 2095 567 2128 similes
590 2097 668 2128 sunt
689 2095 725 2127 hi
746 2104 872 2137 versus,
895 2095 953 2128 sed
974 2104 1078 2136 paene
1100 2095 1208 2128 iidem.

335 2148 348 2167 ²
371 2147 570 2181 Conferendi
591 2150 671 2180 sunt
692 2148 755 2180 hac
776 2148 816 2180 de
843 2147 957 2180 sabula
979 2147 1136 2180 Welcker
1160 2147 1242 2180 Tril.
1265 2158 1295 2189 p.
1318 2147 1380 2179 313
1388 2157 1467 2188 sqq„
1497 2148 1667 2180 Hermann

229 2210 337 2241 opusc.
367 2200 402 2232 11
425 2200 495 2241 125,
526 2199 700 2233 Wecklein
735 2191 822 2233 Uber
843 2199 896 2232 die
925 2199 1149 2233 dramatische
1169 2199 1389 2241 Behandluny
1417 2199 1473 2231 des
1499 2199 1667 2241 Telephos-

229 2251 365 2294 mythus
393 2251 464 2284 und
491 2251 572 2284 uber
597 2251 650 2284 die
670 2251 826 2285 Dramen
847 2250 1043 2292 Ὀστολόγοι,
1073 2252 1164 2293 Κάβι
1153 2264 1226 2293 ιρο,
1257 2250 1326 2281 Σύιι
1306 2249 1465 2291 ιιδειπιιοι,
1492 2251 1666 2295 Sitzunys-

228 2304 371 2337 beria-hta
392 2304 423 2337 d.
445 2304 651 2337 Manchener
672 2304 788 2346 Akad„
806 2304 1041 2347 philos-phil.
1070 2315 1104 2338 u.
1133 2304 1249 2337 histor.
1272 2304 1394 2336 Klasse
1423 2304 1505 2337 1909
1533 2305 1613 2338 fasc.
1648 2305 1666 2337 1

229 2366 260 2397 p.
284 2356 322 2388 11
339 2366 386 2397 sq.

335 2408 348 2427 ³
370 2408 599 2450 Tragoediam,
614 2419 680 2442 non
695 2409 874 2450 satyricam
889 2410 1035 2443 fabulam
1052 2409 1153 2442 fuisse
1169 2409 1302 2442 Cabiros
1318 2410 1462 2441 testatur
1476 2409 1669 2443 Athenaeus

229 2461 249 2492 l.
272 2461 371 2501 paulo
392 2459 481 2492 infra
502 2461 524 2493 l.
547 2460 582 2492 in
604 2464 771 2494 contextu.

333 2512 349 2531 ⁴
369 2511 473 2553 Epica
494 2512 641 2545 carmina
663 2513 704 2545 de
726 2513 932 2555 Argonautis
965 2513 1113 2547 confecta
1142 2513 1209 2545 iam
1232 2514 1310 2545 ante
1333 2512 1537 2554 Aeschylum
1565 2513 1669 2546 fuisse

227 2566 369 2605 constat,
391 2564 531 2597 certiora
552 2567 664 2598 autem
687 2565 727 2598 de
748 2565 790 2598 iis
811 2565 985 2599 nescimus.
1030 2566 1079 2598 cf.
1101 2565 1141 2598 de
1164 2565 1225 2597 hac
1249 2574 1293 2606 re,
1317 2574 1402 2605 quae
1419 2564 1567 2607 Seeliget
1581 2566 1670 2607 apud

228 2615 431 2649 Roscherum
454 2626 479 2655 s.
501 2626 532 2650 v.
556 2616 771 2660 Argonautai
793 2618 811 2649 I
833 2617 896 2650 510
905 2628 952 2659 sq.
975 2618 1121 2659 praebet.
