1990 2959
277 146 301 184 2
867 145 985 180 Ericus
1006 145 1127 180 nunu

275 253 399 300 atque
435 249 604 300 originis
640 250 869 290 meminisse
901 250 1148 301 tragoediae.
1201 251 1329 302 Quam
1357 250 1446 292 sive
1473 262 1561 292 cum
1579 252 1726 302 pleris-

275 324 351 362 que
379 324 402 353 e
428 311 580 354 fabulis
606 312 798 364 satyricis
825 313 1054 355 derivamus
1067 313 1094 363 ¹,
1129 313 1227 364 sive,
1263 313 1306 354 id
1333 315 1437 364 quod
1464 314 1595 355 minus
1631 327 1724 365 pro-

275 376 451 416 bandum
478 375 579 414 mihi
615 375 789 426 videtur,
825 386 915 415 cum
942 375 1115 415 Aemilio
1152 376 1302 416 Reisch
1315 375 1331 399 ⁹
1367 387 1417 415 ex
1452 376 1545 416 aliis
1580 376 1728 430 choris,

275 437 344 488 qui
371 442 536 488 praeter
557 437 649 479 illos
667 438 868 489 satyricos
893 438 977 478 acti
1004 437 1098 488 sint,
1126 440 1287 479 constat
1313 438 1565 489 tragoediam
1592 443 1724 480 ortam

274 511 363 541 esse
381 511 404 540 e
422 500 565 551 choris,
584 501 729 550 quibus
747 500 872 540 Liber
889 502 1008 550 pater
1027 500 1323 551 celebrabatur,
1342 504 1385 541 et
1398 512 1421 541 e
1439 500 1728 553 dithyrambis,

274 563 404 614 quiin
423 564 614 604 honorem
633 563 808 605 eiusdem
827 563 895 604 dei
914 564 1177 604 canebantur.
1232 563 1339 604 Erat
1356 567 1491 605 autem
1510 565 1728 615 tragoedia

275 628 409 668 cultus
445 626 597 676 publici
633 638 730 676 pars
757 626 929 677 Dionysi
965 638 1078 667 sacro
1116 627 1271 678 dicata,
1306 638 1401 667 nam
1436 628 1581 668 chorus
1613 627 1728 667 circa,

274 690 404 742 ipsam
423 689 511 731 eius
530 701 642 731 aram
662 690 845 731 saltabat
857 689 883 741 ⁸,
903 691 1007 731 unde
1022 692 1193 740 apparet
1210 702 1288 731 non
1301 690 1426 731 solum
1446 690 1726 741 spectaculum

275 755 328 794 ad
372 753 526 794 animos
572 753 829 793 delectandos
875 753 1148 804 excogitatum
1193 753 1318 794 fuisse
1338 804 1339 807 Ἰ
1362 754 1612 804 tragoediam
1650 755 1722 794 sed

273 827 429 857 sacrum
457 815 607 866 ludum,
635 818 681 855 ut
705 815 766 855 ita
795 815 924 855 dicam
936 815 963 855 ⁴.
1018 815 1132 856 Haec
1158 815 1313 857 indoles
1340 816 1568 857 luculenter
1596 817 1721 857 etiam

273 890 295 918 e
323 878 435 918 chori
464 877 720 928 carminibus,
757 889 861 926 quae
888 881 985 918 sunt
1012 877 1290 918 vetustissima
1325 890 1422 927 pars
1458 879 1587 918 totius
1623 879 1721 929 ludi,

273 939 459 992 cognosci
485 942 631 991 potest,
658 951 824 991 quorum
852 940 1044 981 nonnulla
1078 951 1278 981 sacrorum
1317 940 1551 992 hymnorum
1589 940 1728 983 instar·

273 1004 499 1053 potentiam
537 1006 580 1043 et
607 1003 777 1054 gloriam
814 1005 975 1043 deorum
1003 1003 1251 1054 praedicant,
1288 1005 1401 1044 velut
1435 1004 1478 1044 in
1514 1004 1726 1053 Sophoclis

272 1066 483 1116 Antigona
515 1065 591 1106 illa
628 1066 816 1128 carmina,
853 1065 998 1115 quibus
1034 1067 1157 1107 Amor
1192 1065 1245 1117 (v.
1283 1066 1358 1106 781
1378 1066 1480 1118 sqq.)
1516 1070 1559 1107 et
1594 1066 1727 1108 Liber*

272 1129 394 1181 (1115
406 1129 510 1180 sqq.)
523 1129 539 1152 ⁶
565 1129 835 1169 celebrantur.
867 1129 1006 1178 Neque
1035 1129 1142 1179 apud
1159 1128 1395 1179 Euripidem
1414 1129 1538 1170 etiam
1557 1132 1728 1180 praeter⁴

272 1192 520 1232 Baccharum
549 1203 587 1232 v.
616 1192 667 1231 64
677 1202 761 1241 sqq.
775 1191 791 1214 ⁶
814 1192 920 1231 talia
947 1193 1105 1240 desunt,
1141 1191 1314 1242 exempli
1341 1203 1464 1232 causa
1492 1191 1534 1232 in
1561 1192 1725 1233 Helena.

272 1267 311 1296 v.
331 1255 432 1295 1301
443 1267 529 1304 sqq.
556 1253 716 1294 Cereris
743 1265 910 1304 errores,
938 1254 982 1293 in
1009 1254 1224 1304 Iphigenia
1252 1254 1430 1294 Taurica
1456 1267 1493 1296 v.
1520 1256 1623 1295 1234
1634 1267 1726 1304 sqq..

269 1328 412 1358 sacrae
429 1316 597 1357 fabulae
615 1315 839 1366 Delphicae
858 1328 883 1356 a
900 1317 1020 1357 choro
1039 1319 1250 1357 canuntur.
1289 1317 1352 1356 Ad
1370 1316 1563 1367 pietatem
1583 1320 1719 1358 autem

271 1384 314 1421 et
357 1380 595 1431 religionem
640 1379 764 1419 etiam
809 1379 926 1419 multi
971 1379 1044 1419 alii
1089 1379 1167 1419 loci
1208 1380 1426 1420 carminum
1472 1380 1724 1421 choricorum

270 1446 467 1493 spectant,
495 1443 612 1484 verbi
630 1454 754 1482 causa
771 1443 880 1491 apud
900 1442 1144 1492 Aeschylum
1172 1442 1308 1492 Suppl.
1336 1453 1373 1482 v.
1392 1443 1585 1492 82-102,
1611 1444 1719 1492 apud

272 1505 507 1556 Sophoclem
527 1504 622 1545 Oed.
645 1508 725 1555 tyr.
744 1517 782 1546 v.
803 1505 876 1545 151
889 1516 984 1555 sqq,
1001 1505 1080 1545 863
1090 1516 1184 1555 sqq„
1213 1505 1308 1545 Ant.
1328 1505 1404 1545 127
1418 1516 1514 1555 sqq„
1539 1506 1726 1556 604sqq.,.

271 1569 381 1618 apud
407 1567 648 1617 Euripidem
675 1567 758 1607 Ion.
777 1567 855 1607 452
865 1578 949 1616 sqq.
1004 1567 1111 1606 Aliis
1129 1567 1229 1607 locis
1256 1567 1401 1607 chorus
1429 1567 1494 1607 vel
1520 1567 1722 1607 submisse

271 1642 297 1670 a
323 1629 387 1670 dis
423 1629 618 1671 auxilium
654 1633 699 1669 et
734 1630 906 1669 tutelam
943 1629 1050 1679 petit
1086 1629 1151 1680 (cf.
1190 1629 1378 1679 Aeschyl.
1414 1629 1550 1679 Suppl.
1588 1631 1728 1680 lsqq.‚„

273 1693 323 1733 77
333 1704 436 1742 sqq.,
478 1693 555 1732 144
565 1692 684 1744 sqq),
734 1692 801 1732 vel
841 1691 885 1731 in
925 1691 1110 1732 omnibus
1147 1692 1268 1733 rebus
1307 1693 1472 1732 deorum
1512 1692 1718 1733 voluntati

273 1755 552 1796 oboedientem
578 1766 622 1794 se
656 1766 745 1795 esse
779 1765 997 1803 eorumque
1035 1754 1258 1804 potentiam
1293 1754 1414 1795 valde
1451 1766 1495 1795 se
1528 1754 1718 1796 venerari

273 1817 500 1868 profitetur,
527 1817 642 1858 velut
670 1817 813 1857 Aesch.
839 1817 969 1856 Prom.
988 1817 1155 1867 5263qq.
1210 1816 1315 1857 Sane
1341 1828 1421 1857 non
1446 1817 1579 1857 omnia
1607 1818 1718 1858 chori

272 1880 455 1920 carmina
481 1880 582 1919 adeo
608 1879 805 1929 religione
832 1879 989 1919 imbuta
1016 1883 1111 1919 sunt
1147 1890 1265 1928 quam
1294 1890 1398 1928 quae
1433 1881 1548 1919 modo
1583 1879 1727 1930 attuli,

382 1963 394 1982 ¹
415 1963 455 1998 U.
479 1963 519 1997 de
542 1961 1005 1996 Wilamowitz-Moeuendorff
1026 1961 1229 2005 Einleitunq
1248 1961 1287 1995 in
1308 1961 1362 1994 die
1383 1961 1524 1995 attischc
1545 1961 1717 2005 Traqiidie,

272 2015 394 2049 Berlin
417 2015 518 2056 19073
540 2016 580 2047 A.
603 2015 773 2047 Dieterich
795 2014 894 2046 Arch.
916 2014 944 2054 f.
967 2014 1231 2055 Rcliyionawiso.
1254 2014 1304 2046 XI
1325 2013 1435 2055 (1908)
1459 2013 1520 2045 166
1529 2023 1598 2054 sqq.

379 2066 392 2086 ¹
413 2065 488 2099 Zur
510 2065 756 2109 Vorqeschichte
771 2064 830 2098 der
843 2064 1010 2098 attiachen
1029 2064 1218 2108 Τναροεάἱε,
1242 2063 1449 2106 Festschrift
1459 2064 1523 2106 fiir
1539 2064 1724 2109 Gompcrz,

280 2119 377 2154 W‘ten
399 2119 482 2153 1902
504 2129 536 2161 p.
557 2119 619 2152 451
630 2129 700 2163 sqq.

378 2171 392 2191 ³
413 2170 640 2205 Wilam0witz
661 2171 684 2204 l.
706 2171 728 2203 l.
750 2181 783 2211 p.
806 2170 884 2212 1073
907 2170 1216 2212 Doerpfeld-Reisch
1245 2170 1324 2204 Das
1342 2168 1542 2213 ariochiache
1567 2169 1727 2212 neuter,

270 2223 381 2258 Athen
404 2223 487 2256 1896
508 2233 540 2265 p.
562 2222 682 2265 332qq.
704 2222 778 2256 367.
968 2223 983 2242 ⁴
1006 2223 1054 2256 Cf.
1078 2222 1179 2256 etiam
1202 2223 1242 2256 A.
1265 2221 1435 2260 Dieterich
1456 2221 1479 2255 1.
1501 2222 1522 2255 1.
1543 2232 1576 2263 p.
1599 2221 1715 2265 187sq.

376 2276 391 2296 ⁶
413 2275 525 2309 Etiam
548 2284 730 2309 sermonem
753 2278 788 2308 et
811 2275 1076 2315 compositionem
1105 2276 1303 2315 hymnorum
1332 2283 1498 2307 sacrorum
1527 2276 1562 2306 et
1590 2274 1625 2307 in
1655 2274 1718 2308 hoc

271 2328 416 2365 carmine
449 2328 626 2362 observata
662 2337 733 2361 esse
767 2330 803 2361 et
833 2327 870 2360 in
903 2326 1048 2360 carmine
1081 2327 1286 2361 Baccharum
1318 2325 1489 2368 Euripidis
1521 2336 1553 2360 v.
1590 2326 1632 2359 64
1647 2336 1716 2369 sqq.

271 2380 459 2415 Fridoricus
480 2380 602 2414 Adami
622 2379 867 2413 demonstravit
887 2379 924 2412 in
947 2379 1191 2421 dissertatione,
1214 2388 1299 2420 quae
1323 2377 1517 2411 inscribitur
1536 2377 1588 2412 ‘de
1608 2378 1729 2420 poetis.

272 2432 409 2465 scenicis
431 2431 566 2465 Graecis
586 2432 783 2473 hymnorum
806 2440 973 2465 sacrorum
1002 2429 1249 2471 imitatoribus’,
1278 2430 1398 2463 Annal.
1420 2430 1581 2464 Fleckeis.
1604 2430 1716 2472 Suppl.

271 2484 385 2519 XXVI
400 2483 509 2526 (1901)
523 2483 587 2516 215
593 2493 665 2525 sqq.
702 2484 793 2517 Idem
808 2493 840 2525 p.
855 2483 918 2516 244
925 2493 974 2525 sq.
988 2483 1076 2517 vidit
1091 2483 1192 2516 etia-n
1207 2482 1462 2524 Aristophanem
1476 2482 1561 2516 Rau.
1575 2482 1639 2515 324
1646 2493 1716 2528 sqq.

271 2538 413 2578 hymnos
434 2545 544 2569 sacros
564 2545 636 2569 esse
657 2535 838 2577 imitatum,
867 2535 947 2569 licet
976 2535 1042 2568 alia
1072 2535 1201 2568 ratione
1223 2537 1429 2576 commotum,
1459 2544 1576 2576 nempe
1605 2544 1654 2576 ea,
1676 2538 1717 2568 ut

270 2588 345 2622 illos
367 2587 403 2620 in
426 2587 530 2620 risum
552 2590 709 2621 verteret.
