1990 2959
551 188 600 221 De
623 187 821 222 Graecorum
843 187 976 222 deorum
997 189 1149 230 partibus
1170 188 1365 230 Aeschyleis
1632 188 1681 227 21

243 303 340 343 pars
367 303 417 332 ex
434 292 670 343 Apollodoro
698 294 871 344 aliisque
897 288 1205 345 mythographis
1224 292 1409 344 cognosci
1435 296 1583 343 potest,
1611 294 1684 333 sed

243 356 294 396 de
320 355 492 406 singulis
523 356 712 396 dubitare
746 356 852 397 licet.
914 356 1005 397 Hac
1039 357 1081 396 in
1118 356 1259 397 fabula
1291 356 1474 396 Bacchus
1500 356 1681 406 Lycurgi

240 420 391 460 terram
417 418 601 471 intravit,
628 418 697 470 qui
724 429 871 462 novum
889 420 1006 461 deum
1023 430 1106 461 una
1132 430 1222 461 cum
1239 419 1327 461 eius
1345 417 1560 461 comitibus
1588 418 1680 470 capi

240 485 283 521 et
309 484 363 522 ad
389 495 433 522 se
461 483 608 523 adduci
633 483 765 523 iussit.
819 483 989 532 Captum
1016 486 1150 523 autem
1178 483 1389 533 Lycurgus
1426 482 1678 523 contumeliis

239 547 302 585 est
327 544 561 596 insectatus,
598 556 716 596 quam
752 546 805 586 ad
831 551 923 586 ‘rem
959 544 1107 586 alludit
1142 544 1437 596 Aristophanes
1471 545 1516 586 in
1552 545 1678 585 Thes-

238 607 551 658 mophoriazusis
578 619 617 648 v.
646 608 733 659 135,
766 607 837 648 ubi
871 608 1069 648 adnotant
1104 607 1272 648 scholia:
1309 609 1429 659 Λέγει
1455 607 1498 647 δὲ
1535 605 1572 659 (ὅ
1600 612 1674 646 Λυ-

239 670 418 722 κοῦργος)
446 667 487 708 ἐν
512 676 596 717 τοῖς
620 669 808 715 Ἠδωνοῖς
843 668 947 722 πρὸς
971 669 1178 723 ληφθέντα
1205 670 1398 709 Διόνυσον
1424 669 1625 716 ’ποδαπὸς
1652 669 1675 708 ὅ

234 732 386 782 γύννις’.
441 732 559 773 Clare
577 732 705 784 igitur
728 733 911 775 videmus
937 732 1067 783 ipsum
1093 733 1284 774 Liberum
1312 733 1355 773 in
1379 733 1532 773 Edonis
1559 733 1675 783 prod-

233 794 330 836 iisse
365 795 409 835 in
444 806 613 835 scenam.
666 795 804 845 Neque
838 806 934 836 vero
970 798 1182 845 praeterea
1217 795 1430 845 quicquam
1467 796 1516 835 de
1554 807 1674 846 argu-

232 861 366 899 mento
393 869 473 899 non
508 859 620 899 modo
647 858 873 899 Edonorum
914 860 986 899 sed
1026 858 1149 899 etiam
1177 858 1302 899 totius
1337 858 1527 913 trilogiae
1563 862 1674 899 certe

232 920 395 971 scimus;
425 920 510 961 sola
538 921 767 962 coniectura
791 920 983 962 Welcker
1009 924 1052 961 et
1078 920 1314 962 dubitanter
1348 921 1556 962 Hermann
1588 921 1672 972 opi-

233 984 323 1024 nati
350 986 448 1024 sunt
474 983 622 1024 Libero
650 986 769 1033 capto
797 986 839 1023 et
866 995 891 1023 a
916 995 1014 1033 rege
1053 984 1171 1024 irriso
1202 983 1359 1023 finitam
1395 995 1482 1024 esse
1508 982 1673 1024 Edonos

230 1045 491 1097 tragoediam,
524 1048 610 1086 tum
637 1046 680 1086 in
708 1045 991 1086 Bassaridibus
1017 1045 1248 1097 Lycurgum
1276 1058 1301 1086 a
1328 1045 1506 1097 Dionyso
1541 1046 1583 1086 in
1609 1044 1672 1086 fu-

229 1120 360 1149 rorem
379 1109 599 1149 coniectum
619 1108 826 1148 mulierem
848 1112 891 1148 et
907 1108 1033 1148 filium
1050 1120 1226 1149 necasse.
1281 1109 1371 1159 Sed,
1389 1121 1478 1149 cum
1497 1110 1673 1149 certiora

228 1171 403 1222 proferri
439 1183 518 1213 non
553 1171 729 1223 possint,
763 1170 927 1223 quibus,
961 1172 1154 1222 quomodo
1189 1171 1391 1223 Dionysus
1426 1171 1469 1212 in
1504 1171 1670 1223 reliquis

227 1234 419 1285 trilogiae
445 1235 633 1285 partibus
654 1236 874 1285 productus
911 1236 976 1287 sit,
1013 1237 1319 1286 demonstretur,
1354 1236 1561 1276 mittamus
1599 1237 1673 1276 has

227 1297 388 1340 fabulas
415 1302 459 1339 et
486 1299 539 1339 ad
565 1298 850 1339 Toxotides
876 1302 1141 1339 transeamus.

331 1360 421 1401 Hac
447 1361 489 1401 in
517 1361 733 1412 tragoedia
758 1364 924 1401 mortem
952 1361 1169 1402 Actaeonis
1196 1365 1414 1401 tractatam
1443 1372 1531 1401 esse
1558 1365 1668 1401 recte

227 1423 471 1465 coniectavit
497 1424 703 1465 Hermann
732 1436 862 1474 opusc.
886 1424 967 1465 VH
984 1425 1073 1465 344.
1126 1424 1273 1465 Notum
1300 1424 1404 1465 enim
1434 1428 1497 1469 est
1519 1425 1668 1464 Actae-

224 1498 339 1527 onem
366 1499 391 1527 a
409 1486 553 1538 Diana,
580 1488 694 1527 cuius
715 1487 817 1527 iram
837 1487 1097 1537 excitaverat,
1124 1488 1167 1526 in
1192 1498 1353 1528 cervum
1381 1490 1666 1527 commutatum

224 1541 265 1588 et
292 1560 319 1588 a
345 1549 431 1590 suis
458 1548 585 1600 ipsius
604 1549 770 1590 canibus
788 1549 987 1590 laniatum
1016 1561 1104 1590 esse
1118 1550 1142 1600 ¹,
1170 1561 1289 1598 quam
1308 1550 1360 1589 ad
1377 1561 1462 1590 rem
1479 1548 1663 1599 pertinet

222 1611 414 1663 Aeschyli
449 1611 496 1653 fr.
532 1614 620 1653 244.
692 1612 938 1664 Fragmento
975 1618 1107 1654 autem
1144 1613 1221 1654 245
1257 1613 1310 1654 ab
1346 1612 1546 1664 Aeschylo
1581 1624 1661 1653 non

221 1676 334 1715 modo
370 1678 537 1716 mortem
573 1676 792 1716 Actaeonis
827 1675 955 1716 fuisse
991 1679 1222 1726 tractatam,
1252 1677 1323 1729 sed
1358 1677 1481 1716 etiam
1519 1687 1661 1716 canum

151 1727 156 1732 ¹
220 1737 380 1778 uomina
399 1738 527 1779 allata
546 1740 854 1790 demonstratur,
872 1738 920 1780 fr.
935 1740 1011 1780 241
1032 1742 1141 1780 certe
1160 1740 1213 1780 ad
1227 1740 1471 1782 Actaeonem
1490 1743 1662 1790 spectat,

220 1800 297 1840 duo
326 1800 409 1840 alia
436 1801 529 1851 (242
538 1804 612 1851 sq.)
639 1803 790 1852 optime
817 1813 905 1842 cum
933 1805 1185 1852 argumento,
1221 1813 1297 1851 quo
1325 1803 1375 1842 de
1410 1805 1538 1843 morte
1573 1802 1660 1842 eius

220 1863 429 1915 agebatur,
457 1863 645 1915 coniungi
671 1868 841 1914 possunt
853 1865 879 1904 2.
941 1864 1077 1905 Etiam
1105 1864 1195 1915 ipsa
1230 1877 1310 1906 vox
1342 1865 1581 1905 Toxotidum
1608 1866 1659 1905 ad

217 1925 413 1976 nymphas
432 1925 591 1967 Dianae
608 1926 895 1978 significandas
914 1931 975 1968 est
993 1927 1216 1978 aptissima,
1246 1938 1346 1977 quas
1365 1927 1476 1968 chori
1493 1938 1658 1968 munere

158 1999 160 2004 ·
216 1987 380 2030 functas
408 2000 495 2031 esse
531 2001 581 2030 ex
616 1990 702 2041 ipso
738 1990 857 2031 titulo
894 1990 1022 2032 conici
1058 1994 1203 2041 potest.
1266 1991 1396 2041 Saepe
1431 1991 1535 2031 enim
1573 1993 1658 2031 tra-

216 2051 385 2101 goediae
414 2064 436 2093 e
464 2053 582 2094 choro
612 2053 925 2095 nominabantur
960 2055 1075 2095 velut
1111 2054 1364 2104 Trachiniae‚
1400 2053 1657 2103 Phoenissae,

216 2113 404 2166 Troades,
432 2116 697 2168 Choephoroe‚
725 2116 968 2158 Eumenides
986 2116 1094 2158 aliae
1107 2118 1132 2157 ³.
1187 2117 1277 2157 'Pali
1296 2119 1427 2157 autem
1447 2115 1488 2156 in
1515 2115 1655 2157 fabula

214 2176 306 2226 ipsa
332 2177 469 2218 Diana
495 2178 616 2219 facile
643 2179 686 2219 in
714 2191 875 2219 scenam
902 2180 1063 2229 prodire
1087 2180 1233 2229 potuit.

320 2240 421 2281 Tum
449 2241 497 2293 ei,
525 2241 595 2291 qui
623 2243 719 2282 deos
740 2241 995 2300 Aeschyleosb
1010 2244 1190 2282 tractare
1216 2240 1408 2292 instituit,
1434 2241 1652 2291 neglegen-

320 2363 332 2383 ¹
352 2363 501 2405 Apollod.
522 2364 578 2397 III
598 2364 711 2407 30sq.;
733 2366 824 2408 Hyg.
847 2365 962 2407 180sq.

317 2414 331 2435 ⁸
353 2415 402 2449 cf.
424 2416 636 2450 Welckerum
657 2417 693 2451 in
713 2418 807 2460 libro,
837 2418 895 2460 qui
915 2418 1107 2452 inscribitur
1126 2418 1196 2451 Die
1214 2417 1439 2461 qviechioehen
1465 2418 1653 2461 Traqiidien

210 2467 276 2500 mit
294 2466 476 2501 Rackawht
494 2468 565 2509 auf
581 2468 645 2502 den
666 2469 818 2511 epischen
838 2470 972 2513 Kyklua
989 2470 1158 2514 georanet,
1179 2471 1281 2504 Bonn
1304 2470 1480 2513 1839—41‚
1502 2471 1521 2503 1
1541 2470 1593 2503 50.

316 2519 330 2540 ⁸
349 2519 462 2554 Etiam
482 2520 520 2554 in
542 2518 671 2562 Σεμέλῃ
699 2521 719 2561 ἢ
738 2520 951 2565 Ὺδροφόροιε
978 2533 996 2557 e
1017 2523 1101 2571 viris
1129 2523 1198 2559 iuis
1226 2524 1280 2559 vel
1307 2524 1502 2558 mulieribus
1529 2533 1648 2566 aquam

209 2572 464 2614 apportantibus
485 2572 619 2607 chorum
648 2574 751 2608 fuisse
780 2575 997 2617 compositum
1026 2576 1136 2611 facilis
1166 2580 1219 2611 est
1248 2578 1435 2612 coniectura
1464 2578 1516 2619 (cf.
1548 2587 1651 2618 supra

207 2633 239 2664 p.
263 2624 303 2657 17
312 2634 370 2667 sq.,
392 2624 587 2659 Wellrerum
612 2625 696 2660 Tril.
718 2636 750 2668 p.
771 2627 857 2669 329).
