1990 2959
529 170 579 205 De
601 171 799 206 Graecorum
820 172 954 207 deorum
976 172 1128 215 partibus
1149 173 1343 215 Aeschyleis
1637 173 1661 212 7

194 272 331 317 'esset
365 277 622 328 comminuta,
655 281 701 318 ut
735 278 846 318 solae
882 288 1029 319 causae
1064 279 1262 328 capitales
1299 278 1585 319 diiudicandae
1622 278 1662 318 ei

220 341 476 380 remanerent
488 338 514 390 ¹,
539 339 790 391 gravissimis
806 340 944 382 verbis
962 341 1197 393 Aeschylus,
1220 349 1271 383 ne
1288 341 1381 392 plns
1399 339 1661 387 auctoritatis

218 401 475 443 sanctissimo
513 402 662 443 iudicio
696 405 943 454 demeretur,
978 404 1142 444 monuit.
1203 404 1290 444 Hoe
1324 407 1409 444 tam
1445 404 1556 445 elare
1591 412 1660 444 ex·

220 463 479 515 plicaverunt
512 465 563 506 de
598 465 868 507 Wilamowitz
884 468 899 492 ²
936 468 979 507 et
1007 465 1150 507 Busolt
1163 465 1189 513 ³,
1233 469 1281 507 ut
1316 466 1370 507 iis
1405 475 1485 508 non
1520 477 1658 508 assen-

217 527 400 569 tiendum
427 528 492 579 sit,
518 528 588 578 qni
615 529 858 579 Aeschylum
886 529 1093 569 acerrimis
1123 529 1263 570 verbis
1290 530 1526 579 Ephialtem
1552 529 1659 570 eius·

217 601 297 641 que
316 591 444 632 socios
460 592 693 641 vituperare
710 591 887 633 voluisse
904 591 1147 642 censuerint,
1169 603 1334 641 quormn
1352 592 1395 632 in
1412 592 1658 633 sententiam

220 654 450 704 nuperrime
485 653 537 694 iit
570 654 690 694 Blass
701 654 729 694 ⁴.
790 654 892 694 Tum
924 654 1150 704 Aeschylus
1184 657 1302 694 tanta
1327 666 1417 695 cnm
1451 655 1659 705 gravitate

218 716 344 766 cives,
362 719 408 756 ut
425 717 639 756 concordes
657 715 752 766 sint,
770 715 1022 766 adhortatur,
1039 719 1097 766 ut,
1114 716 1241 765 siquis
1259 716 1406 756 civium
1420 716 1463 756 in
1481 718 1659 758 tumultu

219 778 436 818 domestico
463 778 520 818 sit
554 780 749 827 necatus,-
769 777 913 817 melius
948 788 1037 817 esse
1061 777 1173 817 dicat
1207 780 1369 818 caedem
1405 790 1485 818 non
1521 778 1661 818 ulcisci

220 851 340 889 qnam
367 839 483 880 novis
502 838 712 880 cruoribus
730 838 867 879 effusis
885 839 1046 889 patriae
1062 850 1207 880 nocere
1224 839 1277 892 (v.
1294 839 1489 892 980sqq.)‚
1515 840 1660 890 quibus

220 902 357 942 verbis
384 904 495 942 certe
513 903 567 941 ad
593 901 812 951 Ephialtae
838 904 1007 941 mortem
1033 901 1182 942 alludit
1193 902 1220 942 ⁵.
1286 903 1510 952 Propterea
1536 903 1660 944 etiam

219 964 447 1004 Minervam
475 964 527 1004 ab
554 963 845 1004 Eumenidibus
873 967 1133 1013 quaerentem
1160 964 1273 1013 facit,
1311 967 1358 1004 nt
1385 964 1526 1005 civilia
1551 965 1661 1006 bella

219 1029 455 1067 removeant
469 1026 496 1066 ⁸.

326 1089 374 1127 In
401 1088 480 1127 fine
498 1088 761 1128 Eumenidum
780 1089 992 1129 nonnullos
1019 1082 1162 1129 versn‘s
1180 1089 1444 1140 intercidisse,
1471 1089 1542 1139 qni
1568 1089 1661 1129 olim

218 1150 263 1190 in
282 1150 359 1191 hac
377 1149 517 1191 fabula
534 1150 708 1202 inerant,
725 1150 821 1192 inde
839 1154 1023 1202 apparet,
1045 1152 1149 1201 quod
1168 1151 1461 1203 Aristophanes
1479 1151 1523 1193 ln
1541 1151 1661 1193 huius

218 1213 458 1263 tragoediae
475 1217 713 1263 arg-umento
731 1217 775 1255 et
792 1214 1062 1264 Harpocratio
1087 1226 1118 1255 s.
1135 1227 1172 1255 v.
1190 1213 1407 1264 Εὐμενίδες
1431 1215 1661 1256 Minervam

219 1275 264 1316 in
309 1275 499 1327 Aeschyli
543 1276 835 1317 Eumenidibus
879 1287 1022 1318 nomen
1067 1276 1331 1318 Eumenidum
1378 1276 1515 1318 Furiis
1557 1276 1661 1318 indi-

330 1403 342 1422 ²
362 1402 501 1436 Aristot.
529 1399 678 1433 πολιτεία
705 1401 891 1441 ’Ἀθηναίων
919 1401 979 1443 25,
1001 1402 1031 1435 2.
1099 1401 1314 1435 Philochorus
1342 1402 1382 1434 fr.
1413 1401 1502 1435 14lb
1523 1401 1663 1435 Hmuer

220 1455 314 1488 FHG
336 1455 353 1488 Ι
366 1454 438 1488 407.
481 1454 599 1488 Busolt
623 1453 831 1488 Griaehiaehe
851 1452 1176 1493 Staatsaltertiimer,
1197 1452 1369 1487 Mencken
1391 1453 1474 1487 1892
1495 1463 1526 1496 p.
1545 1453 1604 1487 167
1611 1463 1659 1496 ecl.

327 1507 341 1525 ²
361 1506 556 1539 Aristoteles
583 1505 656 1538 und
684 1505 796 1538 Athen
823 1502 859 1538 ῘῙ
887 1504 960 1538 334.
989 1505 1067 1546 3373
1100 1506 1141 1537 cf.
1170 1504 1346 1546 praecipue
1374 1504 1414 1536 τὸ
1444 1503 1661 1536 δικαστῶν

218 1555 457 1600 βουλευτήριον
477 1566 509 1591 v.
531 1555 594 1590 684
615 1559 914 1591 commemoratum.

327 1610 340 1630 ³
365 1610 576 1644 Grioehioche
600 1609 794 1643 Geechickte
813 1610 851 1643 Π
871 1609 944 1643 488.

325 1663 341 1683 ⁴
361 1663 400 1696 In
423 1662 628 1704 praefatione
650 1661 805 1695 editionis
825 1669 858 1703 p.
882 1662 978 1703 13sq.

326 1715 340 1735 ⁶
361 1715 558 1750 Aristoteles
587 1712 737 1747 πολιτεία
764 1713 957 1755 Ἀθηναίων
985 1724 1012 1748 c.
1041 1714 1100 1757 25,
1129 1714 1165 1756 43
1197 1714 1366 1748 Plutarch.
1395 1714 1512 1749 Periel.
1542 1724 1569 1748 c.
1600 1714 1656 1758 103

218 1769 261 1802 de
284 1768 507 1802 Wilamowitz
528 1767 726 1801 Aristoteles
749 1767 818 1801 und
837 1767 949 1801 Athen
971 1768 1007 1801 11
1028 1767 1102 1801 342.

326 1819 341 1841 ⁶
363 1822 496 1863 Versus,
519 1820 577 1862 qui
590 1819 655 1854 huc
668 1820 838 1862 pertinent
852 1816 1046 1863 (858—866)
1059 1818 1202 1854 Dindori
1216 1822 1251 1854 et
1264 1819 1440 1854 WeckleIn
1455 1819 1660 1862 deleverunt,

218 1873 342 1907 instem
365 1877 479 1908 antem
493 1873 624 1907 delendi
646 1880 778 1907 eausam
792 1881 860 1907 non
873 1872 1094 1915 protulerunt.
1136 1873 1221 1906 Nam
1236 1872 1388 1915 primum,
1402 1874 1490 1915 qnod
1505 1871 1663 1915 Aeschyli

219 1926 337 1968 generi
358 1925 489 1960 dicendi
509 1928 624 1968 aptum
646 1936 714 1960 non
734 1934 808 1960 esse
828 1926 936 1959 locum
959 1928 1171 1969 censuerunt,
1201 1926 1262 1960 hoe
1283 1925 1473 1968 opinatione
1503 1935 1545 1960 ex
1573 1931 1663 1960 mero

219 1978 356 2013 arbitrio
377 1982 535 2021 concepta
556 1979 797 2013 contenderunt
817 1988 856 2012 ae
877 1989 920 2013 ne
943 1978 1056 2012 conati
1069 1978 1202 2020 quidem
1223 1982 1305 2015 snut
1326 1978 1560 2020 demonstrare,
1582 1977 1663 2020 qnid

218 2031 255 2064 id
276 2034 374 2074 esset,
396 2031 483 2073 quod
505 2034 620 2065 eontra
641 2031 799 2073 Aeschyli
819 2031 982 2064 rationem
1003 2033 1179 2073 pugnaret.
1231 2030 1345 2073 Neque
1372 2030 1450 2064 inde
1478 2040 1579 2064 cansa
1607 2030 1662 2064 de·

218 2083 310 2117 lendi
331 2084 489 2117 sumenda
510 2086 571 2126 est,
594 2084 681 2126 qnod
695 2083 847 2118 versibus
860 2083 929 2117 illis
943 2084 986 2117 ad
1000 2093 1069 2117 rem
1083 2083 1248 2126 publicam
1262 2085 1441 2126 spectatur,
1462 2092 1536 2116 cum
1557 2081 1661 2117 etism

219 2135 311 2170 chori
333 2136 442 2171 verbis
464 2132 539 2179 (980
546 2137 629 2179 sqq.)
651 2146 717 2170 non
731 2135 842 2170 minus
862 2137 949 2171 clare
965 2135 1008 2169 ad
1029 2146 1083 2170 res
1104 2135 1203 2178 paulo
1225 2136 1325 2169 antea
1344 2135 1460 2178 gestas
1481 2131 1659 2169 alludatur.

219 2183 307 2221 ’snm
329 2191 442 2222 autem
464 2184 638 2223 Wecklein
658 2183 818 2222 Rerum
838 2183 956 2231 phiiol.
987 2183 1210 2221 Wochemehr.
1232 2184 1284 2221 IV
1304 2183 1412 2229 (1354)
1433 2184 1575 2229 esvnqq.
1605 2186 1660 2220 de—

220 2243 404 2275 monstrare
425 2243 563 2275 conatus
585 2243 638 2275 eet
657 2245 812 2275 numeros
833 2245 999 2283 versuum,
1029 2244 1110 2282 qnos·
1130 2239 1278 2274 mterv-
1299 2240 1376 2282 post
1395 2238 1548 2281 cingula
1569 2238 1660 2273 chori

222 2293 374 2334 strophas
395 2296 430 2327 et
450 2293 677 2334 antistmphas
697 2293 833 2335 profert,
860 2293 975 2326 eadem
1004 2292 1131 2327 ratione
1158 2292 1248 2325 inter
1268 2301 1304 2325 se
1333 2291 1530 2333 reupondere
1558 2294 1661 2333 atque

219 2344 307 2380 illas.
350 2346 475 2381 Versus
495 2348 608 2380 antem
629 2345 809 2388 858—866,
830 2354 905 2395 cnm
927 2347 1124 2388 oppugnent
1150 2343 1226 2379 hnic
1254 2343 1472 2388 dispositioni,
1504 2343 1661 2378 delendos

219 2407 292 2432 esse
313 2398 443 2432 censuit
457 2398 642 2441 Wecklein,
664 2401 739 2440 post
753 2408 786 2432 v.
799 2397 862 2430 912
882 2397 1090 2439 transposuit
1102 2396 1194 2431 Weil
1207 2397 1244 2431 in
1257 2396 1403 2431 editione
1417 2392 1660 2430 Teubnerian‘a.

220 2442 336 2492 Neque
356 2452 469 2483 tamen
489 2448 752 2492 transponendus
779 2449 902 2484 nedum
923 2444 1078 2484 delendos
1107 2454 1178 2484 esse
1207 2459 1323 2485 versus
1350 2447 1516 2492 existimo,
1544 2451 1584 2483 ut
1611 2457 1661 2482 re-

219 2496 427 2546 sponsionem
449 2499 520 2538 zola
541 2502 730 2537 coniectura
750 2498 874 2537 samm
894 2501 1101 2546 recipimus,
1123 2503 1318 2546 praesertim
1339 2510 1414 2537 em
1435 2503 1533 2537 Blass
1553 2501 1577 2537 1.
1593 2510 1626 2544 p.
1640 2501 1662 2535 4

220 2555 243 2589 l.
264 2560 296 2598 p.
319 2554 381 2589 1⁶4
401 2549 524 2598 optime
546 2555 824 2589 demonstraverit
844 2562 962 2590 versus
984 2555 1108 2599 ordine,
1133 2565 1233 2599 quem
1251 2556 1414 2599 praebent
1435 2555 1571 2597 codices,
1592 2560 1661 2588 eer-

221 2612 301 2644 vato
322 2609 405 2643 bene
425 2608 513 2642 inter
533 2617 569 2642 se
590 2607 772 2643 cohaerere.
