1990 2959
533 171 582 203 De
605 171 801 204 Graecorum
824 172 958 204 deorum
980 172 1131 212 partibus
1153 171 1348 212 Aeschyleis
1614 172 1666 210 43

224 275 363 322 πόλιν,
403 274 459 321 ὡς
492 274 674 323 Ἰσίγονος
717 275 837 327 <περὶ
871 275 1081 326 Παλ>ικῶν
1125 279 1233 315 θεῶν
1268 276 1336 314 καὶ
1371 275 1562 325 Πολέμων
1598 275 1666 314 καὶ

224 336 422 386 Αἰσχύλος
449 334 489 375 ἐν
514 344 562 388 τῇ
589 335 740 389 Αἲτνῃ1
765 337 1121 391 π<αραδιδόασιν>.
1183 340 1270 379 Hoc
1296 339 1392 389 loco,
1428 350 1516 378 cum
1553 338 1665 378 nullo

225 401 305 441 alio
347 400 606 450 antiquitatis
646 401 872 442 testimonio
917 404 1126 452 tradatur,
1169 402 1212 442 in
1249 402 1390 443 Sicilia
1426 402 1664 452 Hierapolin

224 463 412 513 oppidum
442 463 568 503 fuisse
581 463 606 514 ²,
641 475 714 513 pro
743 463 858 516 Ἱερὰν
890 464 1097 504 levissima
1133 464 1442 504 commutatione
1478 464 1664 504 adhibita

225 526 370 579 Ἱμέραν
386 528 597 578 legendum
616 528 779 569 videtur
797 540 885 569 esse
899 529 924 579 3,
951 529 1014 568 ita
1032 532 1078 568 ut
1095 528 1285 568 Himerae
1304 528 1440 578 oppidi
1467 528 1662 578 originem

224 601 313 629 cum
340 591 392 630 ab
420 589 512 629 aliis
540 593 625 630 tum
654 592 706 630 ab
733 591 931 641 Aeschylo
968 590 1010 630 in
1039 591 1183 630 Aetnis
1211 590 1253 630 in
1281 590 1449 630 Saturni
1485 594 1662 630 aetatem

225 653 467 693 translatam
495 664 582 693 esse
609 653 885 703 intellegatur.
946 654 1049 694 Num
1085 654 1204 694 etiam
1242 653 1417 693 victoria
1452 653 1525 693 illa
1560 654 1663 694 cele-

224 715 410 763 berrima,
439 726 517 763 qua
543 715 666 754 Hiero
694 717 803 764 apud
821 715 1025 755 Himeram
1045 727 1149 754 anno
1173 716 1251 755 480
1269 727 1304 754 a.
1324 716 1414 754 Chr.
1440 727 1478 754 n.
1497 716 1664 754 Cartha-

223 776 428 827 ginienses
456 776 606 817 devicit
619 777 645 827 4,
673 780 979 818 commemorata
1006 777 1073 828 sit,
1101 777 1308 817 nescimus.
1362 777 1441 817 Sed
1470 777 1663 818 facillime

224 839 299 878 hoc
318 839 502 889 dramati,
524 841 628 888 quod
646 839 835 879 Hieronis
854 840 991 889 gratia
1010 840 1234 889 Aeschylus
1260 840 1509 889 conscripsit,
1536 840 1662 879 inseri

223 901 367 951 potuit,
393 901 500 941 sicut
528 901 652 940 etiam
680 901 882 940 Pindarus
909 902 1029 951 Pyth.
1047 901 1069 940 Ι
1091 901 1141 940 ’79
1153 913 1220 951 sq„
1248 913 1337 941 cum
1365 902 1553 941 Hieronis
1582 902 1662 941 vic-

224 964 371 1003 toriam
408 963 619 1013 Pythicam
658 966 863 1012 cantaret,
908 963 1020 1002 illius
1056 974 1211 1012 quoque
1247 963 1391 1012 proelii
1423 964 1664 1004 mentionem

224 1025 374 1065 iniecit.
428 1025 580 1075 Quodsi
607 1026 711 1064 idem
731 1025 774 1064 in
793 1025 940 1064 Aetnis
969 1026 1170 1075 exstabat,
1191 1025 1282 1074 pari
1300 1027 1413 1065 modo
1434 1030 1523 1065 erat
1548 1038 1665 1076 prae·

223 1088 491 1128 nuntiandum
519 1093 641 1137 atque
668 1087 809 1128 futura
837 1088 996 1129 Aetnae
1024 1083 1169 1137 oppidi'
1188 1088 1330 1137 gloria.

329 1151 421 1199 Ipse
449 1154 584 1189 autem
613 1151 711 1189 deus
746 1150 894 1199 aliquis
931 1154 974 1189 et
999 1150 1226 1189 Palicorum
1264 1151 1415 1190 cultum
1451 1150 1665 1189 instituere

225 1216 280 1263 et,
312 1224 415 1262 quae
443 1214 492 1253 de
519 1212 692 1262 posteris
727 1213 974 1262 temporibus
1011 1216 1128 1253 erant
1164 1212 1410 1263 renuntiata,
1446 1212 1667 1254 vaticinari

226 1275 369 1324 potuit.

328 1338 428 1378 Tum
457 1338 649 1378 nonnulla
676 1339 870 1378 monenda
897 1340 992 1378 sunt
1010 1339 1060 1378 de
1078 1336 1127 1377 fr.
1151 1338 1226 1378 160
1237 1338 1282 1388 N,
1310 1349 1361 1377 ex
1390 1349 1466 1387 quo
1485 1336 1661 1378 fortasse

223 1400 372 1449 aliquis
391 1400 563 1439 coniciat
590 1401 632 1439 in
660 1400 824 1440 Nioba
851 1402 967 1439 deum
987 1400 1235 1449 apparuisse.
1278 1400 1537 1439 Pithetaerus
1557 1401 1662 1439 enim

224 1463 266 1503 in
303 1462 586 1512 Aristophanis
623 1462 780 1503 Avibus
817 1475 852 1504 v.
890 1463 993 1502 1246
1009 1474 1113 1513 sqq.,
1153 1466 1199 1502 ut
1234 1462 1383 1503 Iridem
1419 1465 1662 1513 perterreat,

224 1526 323 1565 haec
350 1525 523 1574 profert:

458 1592 540 1647 ’Ἆρ’
568 1593 675 1636 οἶσθ’
704 1597 776 1645 ὅτι,
806 1597 902 1643 Ζεὺς
929 1596 969 1636 εἴ
992 1611 1042 1647 με
1068 1596 1233 1649 λυπήσει
1258 1599 1375 1649 πέρα,

463 1659 648 1708 μέλαθρα
674 1658 747 1708 μὲν
774 1659 893 1697 αὐτοῦ
917 1659 984 1697 καὶ
1011 1658 1155 1708 δόμους
1180 1658 1394 1710 Ἀμφίονος

462 1721 757 1761 καταιθαλώσω
784 1722 1053 1774 πυρφόροισιν
1080 1720 1240 1768 αἰετοῖς.

223 1806 288 1845 Ibi
306 1807 505 1845 adnotant
524 1805 692 1845 scholia:
720 1805 797 1843 Καὶ
817 1804 961 1853 δόμους
983 1805 1193 1856 Ἀμφίονος
1221 1802 1262 1842 ἐκ
1280 1805 1425 1857 Νιόβης
1443 1804 1638 1853 Αἰσχύλου
1650 1818 1658 1827 ·

225 1865 451 1920 ἐξέρριπται
481 1867 526 1907 δέ
549 1867 583 1905 τ’
610 1868 820 1920 Ἀμφίονος
847 1865 889 1906 ἐκ
915 1867 1124 1918 μονῳδίας.
1180 1869 1334 1908 Ultima
1360 1868 1500 1908 scholii
1537 1869 1661 1908 verba

223 1934 413 1979 corrupta
440 1942 636 1979 sensuque
674 1942 789 1970 cassa
825 1930 1090 1979 probabiliter
1117 1931 1323 1969 Hermann
1351 1942 1484 1978 opusc.
1519 1930 1585 1968 III
1610 1930 1662 1969 53

223 1992 407 2043 correxit,
436 2004 523 2033 cum
542 1992 753 2033 scriberet:
781 1991 1017 2044 ἐνέρραπται
1036 1991 1078 2031 δὲ
1097 1991 1143 2046 τξ)
1162 1991 1370 2043 Ἀμφίονος
1387 1989 1430 2030 ἐκ
1447 1990 1661 2043 παρῳδίας.

222 2055 359 2095 Verba
387 2057 521 2095 autem
550 2054 695 2104 δόμους
723 2084 731 2093 .
754 2084 762 2093 .
783 2082 792 2091 .
814 2083 823 2092 .
852 2053 1000 2100 αἰετοῖς
1036 2066 1085 2094 ex
1114 2055 1313 2105 Aeschylo
1340 2056 1548 2103 desumpta
1573 2065 1660 2093 esse

222 2123 333 2159 recte
369 2130 503 2158 omnes
538 2118 624 2158 fere
662 2118 835 2158 editores
876 2122 1128 2164 censuerunt,
1167 2130 1265 2168 cum,
1301 2117 1336 2157 si
1373 2117 1494 2157 aliam
1535 2116 1660 2166 expli-

221 2181 421 2221 cationem
439 2181 713 2232 temptaveris,
741 2182 866 2222 verba
885 2179 1031 2230 δόμους
1053 2181 1290 2232 Ἀμφίονοςὸ
1318 2179 1473 2220 omnino
1501 2190 1660 2219 sensum

331 2286 340 2303 ¹
364 2285 473 2318 Aetna
493 2286 615 2319 titulus
635 2285 712 2318 huic
733 2285 865 2318 fabulae
888 2285 990 2318 etiam
1012 2295 1032 2317 a
1054 2284 1218 2318 Macrobio
1240 2286 1262 2317 l.
1286 2294 1385 2325 supra
1406 2294 1436 2324 p.
1460 2283 1499 2315 41
1529 2283 1550 2315 l.
1574 2283 1659 2315 falso

221 2346 281 2378 pro
303 2337 423 2370 Aetnis
443 2337 545 2371 titulo
567 2337 703 2371 inditur.

329 2391 343 2409 ²
365 2390 414 2423 Cf.
438 2391 524 2422 Max.
546 2391 662 2430 Mayer
681 2389 717 2421 in
739 2390 897 2422 Roscheri
918 2390 983 2423 lex.
1006 2399 1031 2422 s.
1054 2400 1086 2423 v.
1108 2389 1244 2422 Kronos
1265 2390 1301 2421 II
1323 2388 1414 2420 1486.

331 2441 344 2460 ³
364 2442 421 2475 Ita
442 2442 544 2474 Bloch
567 2441 655 2483 apud
676 2441 879 2475 Roscherum
902 2442 956 2474 III
979 2441 1069 2475 1282.

328 2495 343 2514 ⁴
364 2494 483 2528 Busolt
508 2493 719 2527 Griechischc
743 2494 937 2527 Geschichte
957 2494 992 2526 Π
1014 2494 1075 2526 263
1084 2503 1152 2534 sqq.

261 2565 263 2567 -
330 2547 344 2567 ¹⁵
364 2547 468 2580 Plane
489 2546 704 2579 refutandum
727 2549 787 2589 est,
810 2547 898 2588 quod
927 2556 994 2579 van
1016 2547 1180 2579 Leeuwen
1201 2545 1237 2577 in
1258 2544 1380 2577 Avium
1403 2543 1548 2577 edit-ione
1571 2544 1662 2586 Lug-

223 2599 522 2633 duni-Batavorum
545 2598 626 2631 1902
650 2609 691 2632 ex
712 2608 801 2632 mero
824 2599 959 2632 arbitrio
982 2598 1114 2638 scripsit
1135 2596 1330 2638 ἀμφικίονας
1351 2595 1482 2636 δόμους.
