1990 2959
467 152 516 187 De
539 151 736 188 Graecorum
757 153 890 188 deorum
913 153 1064 197 partibus
1085 153 1280 196 Aeschyleis
1572 153 1598 194 3

159 256 277 301 immo
295 268 442 308 magna
459 261 576 308 parte
594 269 729 300 eorum
747 258 1017 310 continentur,
1043 270 1148 309 quae
1165 259 1253 309 ipse
1270 259 1415 299 chorus
1433 258 1599 305 sentiat,

159 321 340 371 gaudeat
365 323 439 361 aut
462 322 607 368 doleat,
642 324 781 372 speret
816 325 890 362 aut
923 322 1080 363 timeat.
1142 322 1248 362 Prae
1284 321 1453 371 reliquis
1489 323 1598 372 apud

160 382 396 433 Euripidem
432 384 612 424 carmIna
645 384 833 435 religioni
868 395 917 424 ac
944 384 1093 434 pietati
1125 384 1263 424 dIcata
1298 384 1457 424 rariora
1490 387 1598 435 sunt,

161 449 283 496 atque
309 445 351 486 in
378 446 466 487 eius
492 446 715 497 tragoediis
742 447 904 496 saepius
932 447 1076 487 chorus
1101 459 1167 487 res
1194 458 1273 487 non
1300 450 1391 488 arte
1417 459 1507 487 cum
1533 459 1596 488 re-

157 507 307 567 ligione
332 509 593 550 cohaerentes
618 508 783 560 profert,
809 509 906 559 quin
934 509 1058 549 etiam
1083 509 1283 549 interdum
1311 510 1406 550 deos
1431 513 1597 550 accusat

160 572 273 614 velut
297 572 380 613 Ion.
407 572 484 613 503
495 583 590 623 sqq„
625 572 729 613 1099
737 583 832 624 sqq,
859 572 1003 612 Troad.
1038 572 1117 613 833
1126 583 1221 623 sqq„
1259 572 1363 613 1060
1371 584 1456 623 sqq.
1516 571 1597 613 Sed

159 636 391 685 plerumque
426 635 549 675 etiam
585 635 823 686 Euripides,
857 635 938 675 etsi
972 635 1061 684 ipse
1097 639 1237 676 vetere
1272 635 1470 686 religione
1515 636 1596 676 iam

159 699 387 749 destiterat,
422 698 466 739 in
502 697 747 740 carminibus
783 697 955 740 choricis
992 698 1275 740 verecundiam
1320 698 1384 739 dis
1420 698 1596 740 debitam

160 761 354 803 servavit.

264 825 322 864 At
347 824 384 865 si
410 823 527 864 initio
555 823 763 874 tragoedia
789 824 906 865 ludus
933 835 1047 864 sacer
1073 827 1173 875 erat,
1209 824 1313 864 nihil
1338 824 1596 875 impediebat,

159 899 210 927 ne
238 887 360 926 etiam
398 887 441 926 di
476 886 519 925 in
547 897 707 926 scenam
742 887 1068 936 producerentur,
1105 898 1194 926 cum
1231 886 1274 926 in
1309 887 1402 926 aliis
1438 898 1595 935 quoque

158 949 285 990 sacris
311 948 420 990 ludis
447 947 563 990 velut
589 947 632 989 in
655 947 859 1000 mysteriis
881 949 1043 989 deorum
1070 960 1266 999 personae
1292 948 1556 1000 apparuerint
1569 949 1595 989 ¹.

159 1012 226 1052 Sic
252 1012 398 1051 Ericus
424 1011 555 1051 Bethe
582 1011 739 1050 omnino
765 1011 934 1060 primum
953 1011 1191 1052 histrionem
1218 1012 1359 1052 Liberi
1385 1023 1595 1062 personam

159 1074 352 1115 habuisse
378 1073 488 1114 haud
511 1072 834 1123 improbabiliter
860 1073 1031 1114 coniecit
1044 1073 1070 1114 ².
1124 1074 1203 1114 Sed
1230 1074 1309 1114 etsi
1336 1074 1425 1124 quis
1452 1075 1501 1115 de
1519 1075 1596 1115 hac

159 1148 205 1177 re
231 1135 400 1186 dubitet,
426 1146 542 1176 nemo
578 1138 690 1176 certe
725 1138 801 1185 est,
835 1135 916 1186 qui,
952 1147 1040 1176 cum
1077 1136 1120 1176 in
1156 1147 1270 1177 sacro
1305 1137 1398 1177 ludo
1425 1137 1596 1178 Penthei

159 1199 299 1241 fabula
340 1201 550 1250 ageretur,
590 1197 714 1238 etiam
757 1197 888 1248 ipsum
928 1198 1150 1249 Dionysum
1193 1199 1465 1240 introductum
1510 1211 1597 1240 esse

159 1262 340 1311 miretur,
367 1261 554 1310 quoniam
590 1261 626 1300 is
661 1260 748 1310 ipse
784 1262 894 1311 deus,
929 1261 1000 1310 qui
1035 1261 1078 1300 in
1117 1262 1211 1301 ludo
1248 1263 1484 1312 apparebat,
1524 1274 1598 1312 per

160 1325 297 1365 ludum
324 1323 619 1364 celebrabatur.
674 1322 840 1373 Deinde,
867 1326 1081 1373 postquam
1118 1327 1282 1373 praeter
1317 1323 1478 1364 fabulas
1503 1324 1598 1365 Dio-

160 1387 349 1438 nysiacas
376 1386 498 1426 etiam
535 1386 617 1426 alia
645 1389 886 1436 argumenta
920 1386 1155 1437 tragoediae
1183 1391 1493 1438 assumpserunt,
1528 1387 1600 1427 alii

160 1460 317 1499 quoque
344 1449 410 1488 dei
437 1448 622 1488 adhiberi
648 1450 877 1499 potuerunt,
904 1451 1029 1498 atque
1054 1460 1100 1489 eo
1119 1449 1307 1498 splendor
1332 1452 1376 1489 et
1400 1449 1600 1490 sanctitas

159 1513 343 1553 ludorum
370 1512 580 1561 aliquanto
607 1514 731 1552 aucta
749 1515 853 1552 sunt.
907 1511 964 1552 Et
990 1511 1071 1562 ipsi
1098 1515 1259 1553 veteres
1277 1512 1522 1562 Aeschylum
1549 1524 1599 1553 ea

161 1576 211 1615 de
237 1585 361 1614 cansa
388 1573 583 1623 optimum
609 1573 857 1625 tragicorum
886 1577 1140 1625 censuerunt,
1175 1575 1280 1624 quod
1306 1574 1509 1627 πρόσωπα
1534 1587 1601 1624 με-

160 1636 261 1688 γάλα
285 1636 354 1675 καὶ
381 1635 569 1686 ἀξιόχρεα
595 1636 710 1677 velut
746 1637 841 1676 deos
876 1635 919 1676 in
947 1637 1199 1677 Prometheis
1234 1637 1422 1677 adhibuit
1434 1637 1460 1675 ³.
1522 1637 1601 1677 Sed

160 1699 235 1740 ubi
258 1698 429 1749 primum
458 1698 498 1738 di
517 1699 558 1738 in
577 1710 736 1739 scenam
754 1699 940 1748 producti
958 1702 1063 1750 sunt,
1090 1699 1293 1739 interdum
1322 1699 1447 1739 etiam
1472 1702 1600 1740 totum

160 1762 328 1803 fabulae
355 1765 635 1818 argumentum
664 1774 689 1802 a
706 1761 803 1802 solis
830 1761 916 1802 deis
942 1762 1086 1813 peragi
1111 1762 1254 1812 potuit.

266 1836 418 1887 Magna
446 1839 584 1875 autem
611 1846 700 1875 cum
727 1836 817 1876 veri
842 1835 977 1886 specie
1013 1835 1211 1886 suspicari
1246 1847 1455 1886 possumus
1492 1836 1600 1886 ipsos

161 1900 266 1949 deos,
292 1898 328 1938 si
354 1897 591 1948 tragoediae
615 1909 693 1938 non
722 1899 774 1937 ad
798 1898 950 1938 cultum
978 1901 1024 1938 ut
1049 1898 1135 1938 ludi
1167 1899 1274 1938 sacri
1301 1898 1600 1948 pertinuissent,

161 1973 187 2002 a
213 1961 345 2012 poetis
366 1960 412 2004 ,in
442 1972 601 2007 scenam
627 1960 829 2001 introduci
855 1972 934 2003 non
961 1961 1140 2011 potuisse
1171 1960 1415 2011 verentibus,
1440 1972 1492 2001 ne
1518 1972 1599 2001 ma-

160 2024 286 2062 iestas
314 2025 477 2062 deorum
503 2024 743 2062 laederetur.
795 2023 883 2062 Hoc
910 2023 1011 2071 ipsis
1028 2023 1219 2072 Aeschyli
1237 2023 1529 2062 Eumenidibus
1556 2026 1599 2061 et

128 2120 130 2122 ,
160 2084 409 2136 Prometheo,
436 2096 462 2126 a
488 2084 634 2135 quibus
659 2084 864 2135 progressi
881 2095 1027 2135 sumus,
1054 2084 1320 2135 confirmatur,
1348 2095 1452 2134 quae
1479 2095 1597 2133 quam

161 2151 251 2187 arte
279 2159 367 2187 cum
393 2147 590 2198 religione
617 2148 869 2197 cohaereant,
896 2158 986 2186 mox
1013 2147 1248 2187 videbimus.

265 2220 314 2260 In
324 2220 361 2260 E
368 2232 439 2265 um
446 2231 468 2260 e
475 2232 501 2260 n
508 2220 555 2260 id
562 2220 576 2259 i
583 2220 609 2260 b
615 2231 643 2260 u
649 2231 669 2260 s
676 2250 686 2270 ,
700 2218 828 2260 tertia
838 2219 1024 2261 Orestiae
1034 2218 1183 2272 fabula,
1199 2222 1322 2270 caput
1341 2222 1403 2260 est
1414 2224 1598 2262 veterum

268 2324 281 2344 ²
303 2322 562 2357 Christ-Schmin
579 2321 770 2357 Geachichtc
785 2321 844 2356 der
858 2322 978 2365 yriech.
992 2321 1179 2365 Literatwg
1195 2322 1369 2357 Mam-hen
1383 2322 1467 2357 1908
1481 2334 1513 2366 p.
1528 2323 1600 2367 245,

161 2376 220 2418 qui
240 2375 340 2409 etiam
362 2376 445 2409 alios
472 2375 573 2409 libros
599 2375 761 2418 locosque,
791 2375 849 2416 qui
869 2375 934 2408 huc
955 2375 1136 2418 pertinent,
1167 2375 1274 2409 affert.
1325 2376 1441 2410 Rohde
1461 2376 1599 2419 Psyche,

129 2457 133 2459 a
165 2427 338 2470 Tiibinyen
360 2427 451 2468 1907,
473 2427 491 2460 Ι
513 2427 631 2469 2888ς.

266 2480 282 2500 ¹
304 2479 543 2523 Proleqomena
562 2489 627 2513 zur
643 2479 837 2513 Geachichte
857 2479 913 2513 des
930 2479 1089 2513 neuter:
1102 2480 1152 2513 im
1166 2479 1345 2523 Altertum,
1368 2480 1505 2524 Leipziy
1519 2481 1601 2513 1896

160 2545 193 2575 p.
214 2533 354 2575 flung
376 2533 417 2566 cf.
440 2532 542 2566 etiam
564 2533 603 2566 A.
625 2532 795 2566 Dieterich
815 2532 838 2566 l.
860 2542 892 2574 p.
913 2533 934 2565 2
955 2533 978 2566 1.
1000 2542 1032 2574 p.
1056 2532 1117 2565 173
1125 2542 1172 2578 sq.

268 2585 282 2605 ⁸
303 2585 353 2619 Cf.
374 2584 482 2618 locum
504 2585 540 2616 ἐκ
561 2585 619 2623 τῆς
639 2585 801 2626 μουσικῆε
821 2585 965 2627 ἱστορίας
987 2585 1197 2626 desumptum
1219 2584 1308 2617 infra
1328 2594 1359 2625 p.
1384 2584 1433 2617 12.

1375 2636 1412 2668 1*
