1990 2959
467 152 517 185 De
539 152 736 185 Graecorum
760 154 893 185 deorum
913 153 1065 194 partibus
1086 153 1282 194 Aeschyleis
1551 153 1601 191 13

162 256 362 305 Λυόμενον
397 268 601 306 ponamus.
654 258 755 297 Tum
787 258 830 297 in
866 257 1064 309 Πυρφόρῳ
1100 259 1150 297 de
1176 258 1285 308 ignis
1320 258 1429 297 furto
1466 260 1601 296 actum

163 330 252 360 esse
284 320 524 360 censendum
560 322 633 360 est.
704 319 844 371 Neque
889 322 1026 361 tamen
1062 320 1238 361 certiora
1275 321 1325 360 de
1360 321 1600 371 argumento

161 382 334 432 proferri
358 386 534 433 possunt,
561 395 649 423 cum
668 395 719 423 ex
736 395 814 423 uno
840 383 959 423 huius
977 383 1140 424 fabulae
1158 384 1386 434 fragmento
1413 384 1506 433 (208
1518 383 1570 434 Ν)
1586 382 1601 405 ²

161 444 265 485 nihil
292 445 501 486 discamus.
552 445 699 496 Itaque
725 445 848 486 etiam
877 457 936 496 ea,
963 456 1067 495 quae
1094 445 1285 486 Welcker
1311 446 1336 486 l.
1362 446 1387 485 l.
1415 457 1453 496 p.
1481 447 1599 495 7sqq.

161 508 380 559 proposuit,
414 520 548 549 merae
584 508 837 548 coniecturae
863 511 968 548 sunt.
1022 508 1226 558 Trilogiae
1263 511 1394 549 autem
1433 509 1600 559 disposi-

161 571 309 612 tionem
337 571 661 612 Welckerianam
688 574 829 611 contra
855 573 1040 611 veterum
1058 570 1289 611 testimonia
1315 583 1393 611 non
1419 583 1600 622 pugnare

162 634 242 674 iam
277 634 485 674 Duentzer
521 636 564 673 et
598 633 765 673 Bussler
800 634 1196 683 demonstraverunt,
1229 637 1350 683 atque
1385 634 1600 683 praecipue

162 695 234 736 ille
278 707 471 735 summum
516 694 749 745 Westphali
794 697 1076 746 argumentum
1120 695 1346 735 luculenter
1392 695 1602 736 refutavit.

164 759 268 799 Nam
296 770 383 799 cum
411 758 454 798 in
472 758 623 799 scholio
642 758 774 799 Vinct.
802 758 864 809 94,
892 757 1001 799 TGF
1023 770 1061 808 p.
1079 758 1131 799 69
1157 759 1340 809 legamus
1358 759 1602 809 Aeschylum

163 821 207 862 in
234 820 412 873 Iguifero
449 820 702 862 contendisse
739 821 1020 861 Prometheum
1055 826 1162 873 τρεῖς
1186 820 1383 873 μυριάδας
1418 819 1603 860 ἐνιαυτῶν

163 883 362 934 δεδέσθαι,
390 885 601 934 Westphal
639 884 797 924 censuit
825 896 881 934 e0,
916 886 1020 933 quod
1046 884 1217 933 perfecti
1253 885 1382 924 forma
1414 884 1604 923 δεδέσθαι

167 948 276 998 apud
302 946 561 988 scholiastam
588 949 784 998 exstaret,
811 946 1079 987 demonstrari
1105 946 1149 987 in
1175 946 1356 998 Ignifero
1375 946 1603 988 Promethei

167 1022 332 1060 poenam
360 1011 440 1049 iam
477 1010 603 1050 fuisse
639 1010 807 1050 finitam.
869 1010 1028 1059 Optimo
1065 1013 1201 1066 autem
1229 1010 1317 1050 iure
1344 1011 1551 1050 Duentzer
1578 1011 1603 1049 l.

164 1084 200 1122 p.
221 1074 269 1112 11
289 1073 314 1112 l.
332 1084 371 1122 p.
391 1072 467 1112 740
477 1083 533 1121 sq.
560 1072 731 1122 negavit
750 1072 1017 1122 scholiastam‚
1045 1072 1114 1122 qui
1132 1083 1325 1112 annorum
1344 1076 1504 1112 tantum
1531 1083 1602 1113 nu-

162 1146 312 1176 merum
341 1147 392 1176 ex
419 1135 619 1186 Aeschylo
647 1136 853 1176 desumere
881 1135 1085 1186 voluisset,
1112 1136 1234 1176 etiam
1253 1139 1412 1186 tempus
1439 1147 1604 1176 servare

162 1198 376 1249 studuisse,
394 1199 498 1248 quod
517 1199 709 1249 Aeschyli
728 1199 824 1249 loco,
843 1210 957 1248 quem
979 1198 1174 1250 adhibuit,
1194 1198 1428 1240 invenisset.
1481 1199 1604 1249 Apud

163 1262 406 1312 Aeschylum
443 1261 572 1311 igitur
602 1261 726 1302 etiam
762 1262 943 1302 futurum
970 1265 1126 1312 tempus
1163 1265 1326 1303 exstare
1362 1261 1506 1312 potuit,
1542 1262 1604 1302 ita

163 1330 210 1363 ut
236 1323 384 1363 scholio
410 1324 480 1364 illo
507 1324 560 1374 id,
597 1325 702 1373 quod
729 1324 944 1374 Westphal
979 1324 1118 1375 voluit,
1153 1324 1311 1365 omnino
1337 1336 1416 1365 non
1444 1326 1602 1365 demon-

163 1390 326 1426 stretur.
378 1387 466 1426 Hac
493 1386 534 1425 in
563 1398 607 1426 re
644 1387 766 1426 etiam
795 1386 1002 1426 Dieterich
1029 1388 1196 1437 erravit,
1223 1388 1291 1436 qui
1319 1389 1426 1436 apud
1453 1388 1602 1436 Pauly-

162 1447 396 1487 Wissowam
423 1459 453 1487 s.
482 1459 518 1488 v.
545 1448 742 1497 Aischylos
763 1449 784 1487 I
813 1448 916 1487 1079
944 1449 1193 1498 Westphalio
1221 1449 1452 1498 assentitur,
1480 1452 1602 1498 atque

162 1512 284 1560 plane
316 1522 619 1560 supervacanea
668 1510 792 1550 etiam
828 1510 1026 1560 Kvicalae
1067 1514 1129 1551 est
1165 1511 1395 1551 coniectura
1436 1511 1539 1552 falso
1576 1524 1602 1552 a

164 1573 354 1614 Busslero
381 1574 407 1613 l.
434 1586 471 1624 p.
491 1574 537 1613 11
567 1573 592 1612 l.
619 1585 656 1622 p.
676 1573 753 1613 279
763 1584 822 1622 sq.
848 1576 1066 1623 assumpta,
1092 1574 1162 1623 qui
1189 1585 1259 1623 pro
1288 1573 1477 1612 δεδέσθαι
1502 1573 1600 1614 scri-

162 1636 258 1676 bere
285 1635 415 1676 voluit
443 1634 690 1688 δεδήσεσθαι.
755 1635 835 1676 Sed
862 1635 1036 1676 fortasse
1062 1637 1182 1686 locus,
1220 1637 1270 1676 ad
1299 1648 1413 1685 quem
1442 1641 1603 1686 spectat

162 1698 262 1739 illud
295 1699 484 1749 scholion,
516 1698 673 1738 omnino
709 1710 787 1739 non
824 1698 867 1739 in
894 1698 1074 1749 Ignifero
1115 1700 1187 1739 sed
1222 1699 1265 1738 in
1293 1699 1430 1740 Soluto
1457 1699 1602 1750 inerat,

163 1763 266 1810 quod
286 1761 476 1801 Welcker
503 1762 583 1801 iam
602 1762 832 1811 suspicatus
850 1765 924 1811 est,
951 1761 1127 1802 Dindorf
1142 1764 1278 1802 autem
1305 1762 1367 1802 ita
1393 1774 1465 1811 pro
1493 1766 1602 1803 certo

163 1823 319 1873 habuit,
355 1825 402 1863 ut
428 1822 604 1874 λυομένῳ
630 1834 702 1873 pro
738 1822 936 1875 πυρφόρῳ
962 1824 1004 1863 111
1031 1826 1188 1863 textum
1216 1823 1501 1865 introduceret.
1555 1825 1604 1864 In

162 1887 393 1927 Philodemo
431 1887 537 1927 enim
574 1888 682 1937 apud
710 1887 960 1928 Theodorum
988 1887 1183 1937 Gomperz
1211 1887 1326 1929 Herc.
1354 1887 1462 1929 Stud.
1488 1901 1526 1939 p.
1552 1888 1604 1929 39

163 1949 374 1989 habemus:
412 1947 605 1997 Αἰσχύλος
637 1946 679 1986 ἐν
713 1955 768 1999 τῷ
796 1948 1051 2000 λ<υο>μέν<ῳ
1079 1951 1318 2001 Πρ>ομηθεῑ
1345 1979 1354 1987 .
1383 1978 1392 1986 .
1423 1979 1431 1988 .
1461 1981 1469 1989 .
1498 1948 1603 2000 ὖπ>ὸ

163 2010 262 2058 Διὸς
289 2009 545 2062 ὅεδ<έσθαι>.
601 2012 708 2062 Quin
727 2011 849 2052 etiam
869 2012 944 2053 hoc
961 2011 1051 2052 fieri
1069 2011 1212 2062 po'tuit,
1239 2015 1285 2053 ut
1303 2015 1346 2053 et
1363 2012 1403 2053 in
1423 2012 1604 2063 Ignifero

163 2078 205 2114 et
230 2074 273 2113 in
301 2074 448 2124 Soluto,
475 2078 669 2123 quantum
705 2077 863 2124 tempus
889 2075 1155 2114 Prometheus
1183 2074 1356 2116 vinculis
1383 2077 1602 2124 teneretur,

163 2140 441 2186 enarraretur,
479 2137 521 2177 in
557 2137 627 2177 illo
663 2137 828 2187 scilicet,
862 2149 949 2177 cum
977 2137 1161 2187 Iuppiter
1196 2137 1262 2178 vel
1297 2137 1401 2177 alius
1438 2137 1601 2186 quidam

164 2200 271 2249 deus,
300 2203 452 2248 quanta
478 2211 608 2249 poena
634 2199 744 2239 furto
772 2199 880 2249 ignis
910 2203 1020 2240 esset
1048 2199 1195 2249 futura,
1222 2199 1542 2249 praenuntiaret.

267 2272 429 2312 Nullum
474 2272 604 2323 igitur
648 2272 907 2321 antiquitatis
951 2272 1223 2312 testimonium
1268 2272 1476 2312 Welckeri
1522 2273 1602 2313 dis·

164 2334 354 2384 positioni
382 2336 530 2383 obstat,
558 2335 629 2374 sed
656 2335 699 2373 in
727 2346 773 2374 eo
800 2335 1020 2375 haeserunt
1046 2334 1128 2375 viri
1156 2334 1275 2386 docti,
1303 2336 1408 2384 quod
1435 2335 1477 2375 in
1505 2336 1602 2376 Pro·

163 2397 321 2437 metheo
360 2396 504 2437 Vincto
539 2396 630 2437 fuse
667 2400 860 2437 enarrata
896 2408 985 2438 esse
1022 2397 1382 2450 existimaverunt,
1420 2410 1525 2449 quae
1559 2398 1603 2440 in

272 2480 283 2499 ¹
305 2480 461 2513 Welcker
485 2480 568 2513 Tril.
590 2490 621 2521 p.
646 2480 707 2512 123
736 2480 838 2513 etiam
861 2481 979 2514 Aesch.
1009 2481 1048 2514 fr.
1079 2481 1142 2514 288
1163 2484 1198 2514 et
1218 2481 1330 2524 369N,
1360 2491 1445 2523 quae
1475 2492 1541 2523 qua
1569 2482 1605 2515 in

163 2532 277 2566 fabula
293 2532 464 2575 inruerint,
485 2532 660 2574 nescimus,
683 2532 831 2575 Ignifero
844 2533 973 2575 tribuit,
995 2533 1054 2567 sed
1068 2536 1158 2568 certo
1180 2534 1396 2568 fundamento
1412 2538 1502 2568 caret
1522 2535 1606 2569 haec

164 2585 342 2618 sententia.
