1990 2959
351 163 403 203 36
949 159 1066 193 Ericus
1087 159 1207 193 mmor

456 265 636 306 Alterius
673 265 837 316 generis
874 264 1175 315 tragoediarum
1211 267 1254 304 et
1289 263 1520 304 Danaidum
1556 269 1799 315 argumenta

352 334 402 369 ex
428 327 675 368 carminibus
701 326 872 368 heroicis
899 328 1112 376 desumpta
1138 338 1228 367 esse
1250 326 1332 366 iam
1359 326 1546 367 vidimus.

454 390 544 440 Dei,
562 401 661 440 quos
679 389 723 430 in
742 389 888 439 prioris
905 389 1067 440 generis
1085 388 1308 439 tragoediis
1330 388 1557 429 invenimus
1582 388 1796 440 adhibitos,

350 453 457 495 sicut
482 456 598 493 totae
624 452 745 493 huius
773 452 923 502 speciei
950 452 1187 503 tragoediae
1218 451 1406 502 religioni
1433 451 1673 502 inserviunt,
1708 463 1797 492 cum

350 516 531 557 homines
558 515 699 556 divina
716 515 933 556 maiestate
956 518 999 555 et
1017 515 1202 565 potentia
1220 513 1506 555 demonstratis
1534 515 1585 554 ad
1604 513 1798 564 pietatem

351 591 450 631 erga
467 579 563 620 deos
582 578 773 629 excitent,
803 590 829 618 a
856 578 1076 619 sceleribus
1104 579 1349 627 deterreant,
1379 576 1513 618 cultus
1539 577 1644 617 ritus
1669 587 1798 618 mores

349 642 582 692 instituant,
616 641 779 682 nomina
812 642 974 681 deorum
1007 641 1220 681 voluntate
1246 640 1379 680 indita
1414 640 1691 681 vaticinantes
1729 651 1798 680 ex-

352 705 517 754 plicent.

457 766 546 806 Hac
572 777 598 805 a
624 764 783 804 ratione
811 765 906 804 deos
933 763 1153 803 adhibendi
1180 764 1284 804 satis
1310 775 1360 804 ea
1387 764 1535 810 differt,
1563 775 1682 813 quam
1709 774 1798 803 car-

351 829 501 868 minum
529 827 779 867 heroicorum
806 830 992 866 auctores
1020 829 1246 874 sequuntur
1273 838 1470 875 quamque
1505 826 1721 876 praecipue
1748 838 1798 866 ex

352 889 519 931 Homeri
554 888 777 940 Quintique
804 887 1016 939 Smyrnaei
1052 887 1240 938 operibus
1277 887 1559 939 cognoscimus.
1622 888 1798 939 Quintus

351 953 468 1004 enim,
495 952 573 992 etsi
599 955 765 1002 praeter
792 952 1009 991 Homerum
1036 952 1281 992 recentiores
1320 963 1474 1001 quoque
1502 954 1644 1001 poetas
1680 951 1797 992 alios-

352 1028 430 1067 que
455 1014 589 1056 fontes
608 1017 770 1056 secutus
789 1017 853 1055 est
876 1014 942 1067 (cf.
961 1026 1085 1065 supra
1103 1026 1139 1065 p.
1158 1015 1210 1056 30
1219 1015 1303 1067 sq.)‚
1329 1018 1468 1056 tamen
1495 1017 1625 1056 totum
1651 1015 1797 1056 saltem

351 1079 506 1121 veteris
542 1078 647 1129 epici
684 1078 874 1119 carminis
911 1079 1081 1119 colorem
1117 1079 1351 1128 plerumque
1387 1078 1581 1129 servavit,
1616 1078 1659 1119 id
1694 1079 1799 1128 quod

352 1141 570 1192 praecipue
597 1141 779 1192 Koechly
805 1141 848 1181 in
876 1140 1020 1192 Quinti
1047 1140 1224 1181 editione
1251 1152 1288 1191 p.
1316 1141 1459 1181 XXVI
1468 1152 1526 1191 sq.
1553 1141 1668 1182 vidit.
1721 1141 1798 1181 His

351 1206 483 1257 igitur
509 1205 552 1245 in
570 1204 819 1245 carminibus
846 1204 912 1245 dei
938 1216 1018 1245 non
1036 1205 1156 1245 rebus
1174 1205 1228 1245 ad
1245 1203 1479 1255 religionem
1499 1204 1798 1255 pertinentibus

352 1268 560 1307 consulere
577 1278 709 1315 neque
727 1266 930 1306 hominum
956 1267 1133 1306 moribus
1160 1268 1214 1306 ad
1235 1266 1376 1306 melius
1395 1267 1637 1306 deducendis
1655 1278 1798 1306 curare

351 1330 492 1381 solent,
520 1331 593 1371 sed
620 1333 666 1370 ut
691 1329 772 1380 ipsi
800 1328 979 1370 homines
1002 1329 1086 1370 suis
1114 1329 1282 1379 quisque
1307 1330 1430 1370 rebus
1456 1329 1690 1379 providere:
1718 1340 1798 1381 eos,

351 1393 498 1443 quibus
526 1393 680 1442 favent,
710 1392 921 1437 adiuvant,
958 1403 1056 1441 quos
1093 1392 1181 1432 odio
1216 1395 1526 1441 persequuntur,
1564 1392 1797 1444 impediunt,

351 1467 454 1505 quae
481 1455 524 1496 in
551 1455 683 1496 animo
710 1455 872 1505 habent,
910 1454 1015 1495 omni
1052 1456 1165 1495 modo
1192 1454 1384 1504 perficere
1422 1458 1629 1506 conantur,
1669 1458 1799 1506 agunt

350 1518 534 1568 denique,
561 1517 680 1567 quasi
707 1517 887 1557 homines
913 1519 1051 1558 essent
1077 1517 1227 1557 divinis
1254 1517 1409 1558 viribus
1427 1518 1612 1567 praediti.
1665 1518 1798 1568 Atque

350 1593 429 1621 uno
465 1583 624 1621 tantum
667 1581 754 1621 loco
790 1580 834 1620 in
872 1580 984 1630 epico
1026 1581 1196 1630 quodam
1233 1580 1410 1621 carmine
1446 1582 1564 1621 deum
1600 1582 1650 1621 de
1685 1581 1798 1621 cultu

350 1644 485 1695 aliquo
511 1643 760 1685 instituendo
790 1644 918 1684 verba
937 1642 1154 1684 facientem
1181 1643 1329 1690 inveni,
1357 1655 1446 1684 cum
1474 1645 1581 1694 apud
1600 1643 1797 1696 Quintum

351 1707 612 1758 Smyrnaeum
640 1707 707 1747 ΙΙΙ
735 1707 813 1747 ’766
824 1718 908 1756 sqq.
937 1706 1098 1747 Achille
1133 1710 1288 1747 mortuo
1315 1707 1529 1757 Neptunus
1561 1707 1798 1748 effecturum

352 1781 396 1810 se
419 1781 509 1811 esse
527 1769 778 1820 profiteatur,
805 1773 851 1809 ut
870 1769 941 1809 ille
960 1769 1110 1810 divinis
1129 1769 1347 1810 honoribus
1367 1769 1606 1811 celebretur.
1658 1770 1797 1820 Neque

352 1837 489 1873 tamen
515 1833 591 1873 hoc
618 1833 799 1882 affertur,
826 1835 873 1872 ut
906 1832 1029 1872 animi
1067 1832 1316 1873 audientium
1354 1834 1407 1872 ad
1433 1832 1671 1883 religionem
1707 1843 1798 1873 con-

352 1897 580 1945 vertantur,
607 1896 678 1935 sed
700 1906 750 1934 ea
776 1895 864 1934 sola
887 1896 937 1935 de
964 1906 1098 1945 causa,
1126 1896 1231 1944 quod
1250 1895 1462 1944 Neptunus
1485 1895 1698 1935 Thetidem
1723 1894 1798 1935 filii

352 1960 481 1997 morte
516 1957 701 2007 graviter
735 1956 931 1997 afflictam
975 1957 1175 1997 consolari
1210 1958 1358 1997 studet.
1429 1957 1622 1997 Fortasse
1662 1961 1797 1998 autem

351 2019 474 2060 etiam
510 2019 612 2059 haec
648 2019 783 2060 cultus
820 2019 1018 2059 condendi
1054 2018 1393 2070 commemoratio,
1430 2019 1614 2069 quamvis
1658 2019 1797 2069 epicae

350 2082 500 2123 rationi
529 2085 675 2133 aptata
701 2082 766 2128 sit,
804 2093 884 2129 non
922 2082 974 2123 ad
1001 2081 1154 2123 veteris
1187 2081 1396 2122 cuiusdam
1431 2081 1536 2131 epici
1572 2083 1796 2132 exemplum

351 2146 544 2197 confecta,
562 2147 636 2187 sed
655 2157 677 2187 e
695 2145 911 2197 tragoedia
930 2146 1106 2196 quadam
1118 2144 1245 2196 ipsius
1260 2145 1453 2197 Aeschyli
1467 2146 1677 2195 desumpta
1696 2148 1759 2186 est
1771 2147 1798 2187 ¹.

455 2209 535 2249 Sed
560 2220 640 2250 non
668 2209 793 2249 solnm
826 2209 975 2259 agendi
1011 2220 1150 2250 verum
1187 2208 1312 2249 etiam
1339 2209 1527 2258 loquendi
1563 2208 1681 2259 ratio,
1717 2220 1798 2258 qua

350 2271 598 2313 heroicorum
625 2271 846 2312 carminum
875 2272 917 2312 di
944 2275 1126 2322 utuntur,
1163 2272 1329 2312 diversa
1365 2274 1429 2312 est
1456 2272 1509 2312 ab
1544 2271 1677 2313 indole
1714 2271 1798 2311 illis

351 2334 439 2374 deis
457 2334 696 2385 Aeschyleis
714 2335 891 2385 propria.
946 2335 995 2375 In
1017 2335 1100 2375 illis
1119 2335 1223 2375 enim
1243 2334 1488 2375 carminibus
1516 2334 1557 2374 di
1577 2346 1656 2375 non
1675 2334 1798 2374 aliter

459 2437 471 2456 ¹
492 2437 695 2471 Baumstark
717 2437 738 2471 1.
761 2447 862 2479 supra
890 2447 921 2479 p.
944 2437 986 2471 29
1007 2438 1029 2471 1.
1052 2448 1083 2480 p.
1106 2437 1168 2471 287
1190 2440 1226 2472 et
1246 2437 1310 2471 302
1339 2438 1564 2472 demonstrare
1587 2440 1726 2471 conatur
1754 2446 1797 2470 ex

348 2489 526 2532 tragoedia
546 2490 607 2523 illa
629 2490 824 2531 Aeschylea‚
848 2500 914 2532 qua
935 2491 976 2524 de
998 2491 1139 2524 Achillis
1168 2494 1273 2525 morte
1296 2493 1407 2524 actum
1430 2500 1501 2524 esse
1524 2489 1607 2532 vult,
1631 2500 1652 2523 a
1674 2489 1796 2531 Quinto

349 2541 498 2583 Neptuni
517 2541 734 2583 Thetidisque
750 2542 948 2584 colloquium
963 2552 1034 2576 esse
1050 2545 1268 2584 assumptum.
1311 2543 1423 2584 Atque
1437 2542 1598 2584 Quintum
1613 2540 1797 2583 tragoediis

349 2594 508 2636 Aeschyli
529 2594 657 2628 Troicis
679 2604 775 2628 usum
800 2604 870 2629 esse
893 2604 969 2628 mox
991 2595 1186 2629 videbimus.
