1990 2959
345 150 370 190 8
942 149 1060 183 Erieus
1081 149 1201 183 Miiller

345 254 455 295 disse
481 256 700 295 testantur.
763 254 944 294 Praebet
980 253 1086 294 enim
1123 254 1437 304 Aristophanesz
1469 253 1643 307 Ὀρέστης
1669 285 1679 295 .
1705 286 1715 296 .
1744 283 1753 293 .
1783 284 1795 293 .

346 317 588 368 παρεγένετο
616 314 675 362 εἰς
701 314 871 368 Ἀθήνας
897 314 956 362 εἰς
981 315 1028 355 τὸ
1066 313 1172 366 ἱερὸν
1198 321 1269 369 τῆς
1303 315 1484 369 Ἀθηνᾶς.
1511 313 1558 369 ἧς
1582 315 1702 369 βουλῇ
1739 331 1797 356 νι-

346 378 470 430 κήσας
495 377 696 431 κατῆλθεν
723 376 782 424 εἰς
803 377 952 429 Ἄργος,
980 377 1052 424 τὰς
1079 377 1122 417 δὲ
1150 378 1325 430 Ἐρινύας
1355 379 1568 431 πραΰνασα
1594 379 1794 432 προσηγό·

346 453 482 494 ρευσεν
518 439 753 491 Εὐμενίδας.
812 441 956 492 Locus,
989 442 1042 482 ad
1077 452 1195 491 quem
1232 442 1334 483 haec
1368 440 1586 494 pertinent,
1617 440 1798 483 fortasse

346 504 539 545 exstabat
568 506 661 553 post
680 515 718 544 v.
739 504 853 553 1026,
880 504 952 544 ubi
969 503 1077 544 Weil
1103 507 1146 544 et
1169 503 1241 544 alii
1259 504 1445 545 lacunam
1462 503 1655 554 indicant,
1683 507 1797 545 certe

346 566 477 606 exitui
504 577 595 607 eum
622 566 819 607 insertum
847 565 975 606 fuisse
1002 577 1136 606 rerum
1175 577 1329 607 conexu
1356 567 1665 607 demonstratur.
1719 566 1798 606 Mi-

346 640 477 671 nerva
504 627 635 681 igitur
652 640 732 670 non
752 628 880 670 solum
906 628 1041 680 ipsum
1067 629 1220 670 cultum
1239 629 1432 681 instituit,
1458 630 1530 670 sed
1558 629 1691 680 etiam,
1717 640 1798 679 quo

347 692 508 733 nomine
534 703 666 734 novae
702 692 798 732 illae
824 691 1130 732 Atheniensium
1170 693 1270 732 deae
1307 693 1544 743 colerentur,
1579 692 1796 742 proposuit.

455 754 536 795 Sed
567 754 957 804 comprehendamus,
993 765 1098 803 quae
1136 765 1187 793 ex
1213 753 1506 795 Eumenidibus
1541 755 1592 795 de
1628 754 1798 805 tragicis

348 819 510 858 deorum
538 816 725 866 partibus
753 815 1048 866 cognoscimus!
1102 815 1190 866 Dei,
1226 820 1511 865 praeterquam
1537 817 1641 866 quod
1667 816 1796 866 ipsam

348 878 600 929 tragoediam
620 877 909 928 religiosiorem
933 881 977 917 et
994 877 1305 927 splendidiorem
1324 879 1511 928 reddunt,
1538 878 1797 928 adhibentur,

348 944 396 983 ut
423 940 557 982 cultus
584 951 793 990 moresque
819 942 1002 981 sacratos
1020 939 1252 991 instituant,
1279 939 1444 981 foedera
1466 940 1665 991 sanciant,
1691 952 1798 991 quae

348 1005 437 1055 ipse
463 1007 583 1054 poeta
620 1005 669 1043 de
707 1004 830 1043 rebus
865 1002 1038 1053 publicis
1075 1003 1213 1055 sentit,
1249 1003 1470 1053 proferant.
1532 1004 1670 1053 Neque
1696 1004 1799 1044 haec

349 1066 484 1109 aliena
510 1068 607 1107 sunt
634 1078 659 1107 a
685 1065 772 1107 ludi
799 1065 907 1107 sacri
932 1065 1080 1108 indole.
1135 1066 1239 1107 Nam
1267 1067 1483 1108 secundum
1511 1078 1651 1108 sacras
1669 1066 1796 1108 Grae-

349 1141 483 1172 corum
509 1129 684 1179 fabulas,
719 1130 762 1169 id
789 1131 895 1179 quod
929 1129 1050 1179 paulo
1085 1129 1195 1169 infra
1230 1130 1390 1180 hymnis
1425 1130 1649 1170 Homericis
1682 1130 1798 1170 nobis

350 1192 599 1246 probabitur,
634 1191 700 1233 dei
726 1191 836 1233 inter
861 1192 1042 1233 homines
1077 1195 1283 1242 tamquam
1312 1195 1566 1233 monumenta
1601 1195 1644 1234 et
1679 1192 1797 1234 testi-

349 1256 493 1306 monia,
532 1255 678 1305 quibus
714 1256 840 1295 etiam
870 1255 1042 1305 posteris
1078 1256 1327 1305 temporibus
1368 1257 1681 1306 demonstretur,
1717 1267 1800 1305 qua

350 1318 509 1360 ratione
545 1318 624 1368 ipsi
650 1317 878 1358 hominibus
914 1317 1197 1367 prospexerint
1234 1321 1277 1358 et
1313 1329 1384 1358 suo
1422 1317 1585 1358 consilio
1621 1329 1688 1358 res
1724 1318 1797 1358 hu·

350 1393 493 1422 manas
529 1380 817 1431 disposuerint,
852 1380 984 1421 cultus
1020 1380 1206 1430 ritusque
1237 1380 1512 1428 instituerunt,
1548 1381 1692 1430 quibus
1728 1382 1798 1422 ho-

350 1444 487 1494 mines,
522 1447 571 1484 ut
598 1444 693 1484 deos
724 1442 865 1484 debita
891 1443 1138 1484 verecundia
1176 1443 1323 1494 colant,
1359 1444 1662 1494 admoneantur,
1689 1443 1796 1484 saln-

350 1508 525 1556 bresque
551 1517 682 1546 mores
719 1508 763 1545 et
797 1506 921 1556 legeS,
957 1505 1103 1554 quibus
1138 1505 1331 1546 fruantur
1364 1517 1454 1546 cum
1489 1505 1685 1546 utilitate.
1748 1507 1797 1546 In

351 1580 466 1610 sacro
498 1571 635 1609 autem
671 1569 766 1608 ludo
802 1567 845 1608 in
872 1569 1034 1608 deorum
1071 1568 1260 1608 honorem
1296 1571 1398 1618 acto,
1435 1580 1523 1608 cum
1560 1568 1640 1618 ipsi
1677 1568 1718 1608 di
1753 1568 1797 1608 in

351 1643 515 1673 scenam
541 1630 752 1681 prodirent
778 1633 949 1681 agentes
981 1633 1106 1680 atque
1132 1630 1487 1671 introducerentur
1520 1642 1595 1670 sua
1629 1642 1704 1681 ope
1731 1642 1800 1671 res

351 1695 546 1735 humanas
573 1697 772 1744 regentes,
810 1705 860 1734 ex
887 1693 947 1734 rei
975 1697 1066 1734 erat
1091 1697 1240 1734 natura
1267 1706 1327 1744 ea,
1364 1695 1413 1734 de
1441 1693 1587 1743 quibus
1622 1693 1798 1734 maxima

353 1757 415 1798 dis
434 1756 565 1808 gloria
583 1755 800 1808 gratiaque
818 1757 872 1797 ab
890 1755 1121 1797 hominibus
1139 1757 1435 1808 redundabant,
1453 1768 1542 1797 cum
1560 1759 1800 1808 argumento

353 1820 519 1861 fabulae
545 1819 790 1870 coniungere
819 1823 861 1860 et
888 1821 983 1860 deos
1010 1831 1059 1860 ea
1085 1819 1244 1860 ratione
1272 1820 1487 1870 celebrare,
1514 1823 1561 1860 ut
1587 1820 1666 1870 ipsi
1693 1819 1798 1861 salu-

352 1883 447 1924 bria
483 1882 557 1922 illa
583 1881 777 1922 instituta
812 1886 1149 1932 monumentaque
1187 1882 1352 1923 divinae
1387 1883 1597 1932 potentiae
1631 1885 1674 1923 et
1709 1894 1798 1932 pro-

354 1945 567 1986 videntiae
595 1945 813 1985 condentes
839 1943 881 1984 in
909 1948 1166 1995 conspectum
1205 1946 1411 1986 darentur.
1465 1945 1555 1996 Qua
1590 1946 1640 1986 de
1676 1957 1800 1986 causa

353 2006 475 2058 αἴτια,
511 2010 558 2047 ut
592 2007 654 2047 ita
688 2007 830 2053 dicam,
867 2006 1046 2047 cultuum
1082 2018 1366 2057 sacrorumque
1401 2018 1553 2048 morum
1589 2007 1679 2058 ipsa
1714 2007 1800 2048 ludi

353 2070 459 2111 sacri
496 2073 646 2111 natura
681 2082 770 2110 cum
807 2071 1110 2120 tragoediarum
1149 2073 1388 2120 argumento
1424 2070 1656 2111 cohaerent.
1719 2070 1799 2111 Sed

352 2134 432 2176 iam
459 2133 502 2175 in
529 2132 740 2176 veteribus
768 2133 1016 2175 carminibus
1044 2133 1229 2184 choricis,
1265 2145 1287 2175 e
1315 2133 1460 2183 quibus
1496 2136 1708 2184 procreata
1734 2137 1801 2174 est

351 2197 577 2248 tragoedia,
604 2198 707 2237 haec
734 2197 965 2247 exstabant,
997 2208 1085 2237 cum
1113 2197 1156 2237 in
1183 2197 1267 2237 illis
1289 2208 1447 2247 quoque
1472 2208 1551 2237 non
1578 2197 1705 2237 solum
1732 2196 1799 2237 dei

352 2261 425 2301 sed
451 2259 575 2301 etiam
603 2271 662 2310 ea,
699 2271 803 2310 quae
830 2260 973 2301 divina
1008 2271 1085 2310 ope
1118 2260 1345 2301 constituta
1378 2260 1660 2311 credebantur,
1697 2259 1799 2301 cele·

352 2324 583 2364 brarentur.
637 2323 704 2364 Sic
728 2323 771 2364 in
798 2324 945 2374 hymno
973 2324 1113 2373 quinto
1140 2323 1363 2374 HomericO,
1391 2323 1460 2373 qui
1487 2323 1650 2375 dicitur,
1676 2323 1799 2364 Ceres

352 2397 471 2427 sacra
488 2384 711 2437 Eleusinia,
729 2385 773 2426 in
792 2386 922 2427 altero
942 2386 1085 2436 Apollo
1100 2385 1339 2436 Delphicum
1358 2387 1563 2427 oraculum
1581 2387 1801 2427 condentes

354 2448 652 2497 praedicantur.
705 2448 769 2488 Ea
795 2452 942 2499 autem,
977 2460 1081 2498 quae
1117 2449 1160 2488 in
1188 2448 1433 2490 carminibus
1461 2447 1632 2489 choricis
1659 2448 1703 2488 in
1730 2449 1799 2489 de·

354 2521 466 2550 orum
484 2510 654 2561 gloriam
673 2511 938 2562 canebantur,
967 2511 1196 2563 agebantur
1222 2511 1388 2552 inludis
1402 2513 1428 2552 ².
1482 2511 1562 2552 Sed
1588 2513 1799 2562 postquam

462 2595 474 2614 ¹
496 2594 546 2628 ct.
569 2594 668 2628 etiam
691 2595 730 2628 Δ.
754 2595 922 2629 Dieterich
944 2595 966 2629 l.
988 2605 1019 2637 p.
1044 2596 1064 2628 2
1085 2596 1106 2629 l.
1129 2606 1160 2637 p.
1184 2595 1301 2638 189sq.
