1990 2959
524 155 573 188 De
596 154 792 188 Graecorum
813 155 947 188 deorum
968 155 1119 197 partibus
1140 153 1335 196 Aeschyleis
1629 153 1655 192 9

216 259 268 299 in‘
287 258 510 310 tragoediis
536 270 654 299 sacra
681 262 724 298 et
749 270 878 299 mores
905 270 977 309 per
1003 260 1098 300 deos
1125 258 1317 299 instituta
1352 260 1448 298 sunt
1475 256 1655 307 inducta,

217 320 338 362 facile
354 321 489 372 etiam,
508 332 612 371 quae
629 320 712 361 illis
726 321 979 372 temporibus,
998 321 1142 371 quibus
1160 324 1277 362 actae
1295 323 1391 361 sunt
1408 319 1654 371 tragoediae,

217 383 408 434 perficere
452 384 598 424 civium
639 384 837 424 intererat
877 385 991 424 velut
1026 384 1218 424 instituta
1254 384 1438 434 publica,
1478 383 1655 432 foedera,

219 445 303 488 alia
342 458 389 488 eo
429 446 656 488 consecrari
695 449 932 497 potuerunt,
972 450 1019 487 ut
1060 450 1132 487 aut
1168 447 1221 487 ab
1258 446 1358 496 ipsis
1393 445 1457 487 dis
1495 448 1655 487 statuta

218 508 468 559 fingerentur
494 512 566 550 aut
592 509 656 550 dis
682 509 966 559 praesentibus
998 513 1120 559 atque
1147 509 1412 558 probantibus
1447 511 1655 558 tamquam

219 571 380 611 deorum
407 571 654 612 auctoritate
680 574 965 621 pangerentur.

321 634 496 674 Prome
507 634 560 675 th
571 645 655 675 eos
673 634 893 684 complures
912 634 1137 684 Aeschylus
1155 633 1411 683 conscripsit:
1431 635 1655 685 Δεσμώτην,

217 708 323 746 quae
350 696 650 737 fabulaadhuc
677 700 824 748 exstat,
858 696 1062 745 Λυόμενον
1088 700 1131 735 et
1166 695 1389 748 Πυρφόρον,
1421 707 1523 744 quae
1560 696 1653 735 affe·

216 762 363 799 runtur
388 759 431 799 in
458 759 641 810 catalogo
669 759 818 799 codicis
845 758 1018 799 Medicei
1044 758 1154 809 typis
1177 769 1368 808 expresso
1395 758 1438 797 in
1457 757 1656 797 Dindorfii

217 821 379 861 scholiis
406 821 641 872 Aeschyleis
654 822 680 861 ².
732 822 953 873 Προμηθέα
982 824 1114 860 autem
1144 822 1338 871 Πυρκαέα,
1366 832 1484 869 quam
1512 820 1657 860 Pollux

217 883 339 923 affert
366 884 444 934 (IX
473 884 549 923 156
576 887 619 923 et
644 884 686 922 X
713 884 765 922 64
792 882 982 933 Bekker),
1018 882 1238 932 satyricam
1274 882 1452 922 fabulam
1489 886 1533 922 et
1567 893 1657 921 cum

218 946 434 987 Persarum
461 945 626 997 trilogia
653 945 906 986 coniunctam
934 944 1059 985 fuisse
1095 956 1202 985 nunc
1229 944 1339 985 inter
1374 944 1484 986 viros
1520 946 1658 985 doctos

219 1011 378 1048 constat
390 1008 417 1047 ².
482 1009 517 1047 Ε
545 1008 692 1047 ceteris
720 1007 972 1047 Prometheis
1000 1008 1181 1047 Solutum
1215 1007 1360 1047 Vincto
1396 1007 1657 1057 posteriorem

219 1070 345 1112 fuisse
371 1082 444 1121 per
471 1082 515 1111 se
543 1073 661 1121 patet
688 1073 731 1111 et
756 1069 918 1111 scholiis
945 1069 1085 1111 Vincti
1120 1070 1327 1112 v‘eteribus
1356 1071 1409 1111 ad
1445 1082 1483 1111 v.
1510 1071 1586 1111 511
1616 1073 1660 1111 et

217 1135 294 1174 522
321 1133 525 1185 (Dindorf)
553 1133 821 1173 confirmatur.
875 1134 1023 1183 Etiam,
1060 1134 1178 1182 quale
1214 1138 1490 1184 argumentum
1527 1133 1659 1173 Soluti

218 1196 364 1248 fuerit,
399 1195 442 1237 in
478 1196 611 1248 priore
647 1199 765 1247 parte
803 1195 955 1247 certius
991 1195 1230 1248 fragmentis
1267 1198 1578 1246 demonstratur,
1615 1196 1658 1238 in

217 1261 359 1310 altera,
395 1261 474 1300 etsi
501 1272 654 1300 summa
689 1263 860 1310 constat,
895 1263 1031 1300 tamen
1067 1261 1230 1310 singula
1265 1260 1389 1300 dubia
1424 1263 1520 1300 sunt
1553 1264 1596 1300 et
1632 1272 1658 1300 a

218 1322 318 1364 viris
346 1323 475 1363 doctis
503 1322 673 1364 diversis
699 1322 924 1363 rationibus
951 1322 1242 1363 concinnantur
1255 1323 1281 1363 ³.
1334 1323 1430 1373 Iam,
1458 1323 1554 1372 qnid
1582 1334 1659 1373 ego

218 1385 409 1435 sentiam,
450 1396 634 1435 propono.
704 1385 985 1436 PrometheuS,
1026 1397 1104 1435 quo
1140 1385 1181 1425 in
1218 1387 1435 1426 Tartarum
1476 1385 1657 1426 coniecto

219 1448 390 1489 Vinctus
426 1447 576 1498 finitur,
611 1448 653 1488 in
681 1448 819 1489 Soluto
854 1449 982 1488 denuo
1017 1449 1235 1498 productus
1272 1450 1324 1488 ad
1352 1448 1522 1489 Caucasi
1558 1460 1658 1488 saxa

219 1510 411 1561 alligatus
438 1512 580 1550 haeret
613 1510 710 1561 (Cic.
735 1511 853 1551 Tusc.
880 1511 924 1550 Π
952 1512 1012 1561 10,
1038 1511 1087 1550 fr.
1117 1512 1192 1550 193
1206 1511 1268 1562 N),
1296 1510 1366 1550 ubi
1402 1511 1525 1550 tertio
1561 1522 1656 1560 quo-

219 1584 296 1622 que
325 1573 390 1612 die
425 1572 536 1613 iecur
561 1572 648 1612 eius
685 1573 737 1613 ab
773 1573 911 1622 aquila
945 1573 1133 1613 laniatur.
1196 1573 1373 1623 Titanes,
1409 1585 1509 1622 quos
1543 1572 1656 1613 chori

218 1646 382 1675 munere
400 1634 517 1685 fungi
534 1638 715 1685 apparet,
735 1647 760 1675 a
778 1636 875 1677 Iove
893 1635 1058 1675 liberati
1086 1635 1150 1686 (cf.
1168 1635 1298 1676 Prom.
1316 1636 1450 1676 Vinct.
1469 1636 1547 1675 219
1556 1637 1656 1685 sqq.)

219 1699 271 1738 ad
289 1698 568 1738 Prometheum
587 1697 758 1738 veniunt
776 1697 840 1750 (fr.
857 1699 932 1738 190
941 1699 1004 1750 N),
1023 1698 1178 1738 scilicet
1196 1702 1243 1738 ut
1261 1710 1350 1739 eum
1370 1702 1656 1749 commoveant,

218 1763 266 1801 ut
292 1763 335 1801 et
361 1760 448 1811 ipse
475 1772 564 1801 cum
591 1761 687 1802 Iove
713 1760 757 1801 in
791 1760 968 1813 gratiam
1003 1762 1155 1802 redeat.
1210 1762 1349 1812 Neque
1385 1761 1474 1802 sine
1509 1773 1658 1813 magna

218 1824 306 1865 veri
337 1823 473 1874 specie
509 1824 742 1865 Fridericus
777 1824 968 1865 Welcker
999 1825 1172 1865 coniecit
1208 1825 1321 1876 (Tril.
1356 1837 1395 1875 p.
1432 1825 1499 1877 42)
1535 1825 1658 1865 etiam

218 1887 382 1937 Gaeam,
409 1886 599 1927 Titanum
636 1890 817 1938 matrem,
851 1887 894 1927 in
920 1887 1060 1928 Soluto
1087 1888 1334 1937 apparuisse,
1367 1899 1486 1937 quam
1523 1888 1660 1928 eodem

218 1951 333 1990 modo
362 1953 485 1999 atque
520 1949 563 1990 in
591 1950 737 1990 Vincto
763 1950 965 1992 Oceanum
990 1951 1239 2001 Prometheo,
1274 1950 1344 1999 qui
1378 1954 1421 1991 et
1454 1950 1541 2000 ipse
1577 1951 1659 1991 iam

219 2015 399 2053 veterem
427 2012 718 2053 contumaciam
744 2013 932 2063 deposuit
955 2013 1020 2065 (fr.
1049 2014 1126 2054 193
1149 2025 1187 2054 v.
1205 2014 1256 2054 23
1267 2014 1318 2063 N;
1346 2013 1535 2054 Welcker
1565 2013 1659 2053 Tril.

218 2087 257 2125 p.
274 2076 326 2116 34
335 2075 420 2126 sq.),
447 2075 624 2116 suasisse
651 2076 874 2116 verisimile
893 2080 967 2127 est,
994 2079 1041 2116 ut
1059 2076 1170 2117 Iovis
1188 2077 1347 2117 veniam
1374 2076 1453 2115 sibi
1481 2079 1659 2125 pararet.

218 2138 416 2180 Hercules
433 2140 579 2189 autem,
597 2138 664 2180 cui
681 2139 944 2180 Prometheus
962 2139 1127 2191 indicat,
1154 2151 1235 2189 qua
1252 2139 1322 2180 via
1339 2140 1391 2179 ad
1411 2138 1660 2190 Hesperidas

219 2201 362 2242 veniat
386 2200 450 2253 (fr.
479 2202 566 2242 195.
596 2202 670 2242 199
681 2203 744 2252 Ν),
781 2202 918 2252 aquila
944 2206 1091 2242 necata
1118 2202 1183 2253 (fr.
1210 2202 1288 2242 200
1298 2213 1354 2251 sq.
1369 2201 1420 2252 N)
1448 2201 1538 2242 Iovi
1565 2201 1658 2242 Chi·

328 2327 340 2346 ¹
361 2327 481 2361 Oxonii
504 2327 583 2360 1851
607 2338 638 2369 p.
660 2328 740 2369 9sq.

326 2379 340 2399 ¹
360 2380 512 2422 Rudolph
516 2390 556 2413 us
566 2380 744 2421 Westphal
751 2379 989 2422 Proleqomcna
996 2389 1039 2412 zu
1045 2378 1237 2422 Aeschylus,
1246 2379 1386 2422 Leipzig
1394 2378 1475 2412 1869
1483 2389 1515 2421 p.
1523 2379 1585 2412 207
1594 2389 1641 2421 sq.
1652 2392 1660 2421 3

219 2432 331 2466 Christ
344 2433 367 2465 1.
381 2442 414 2474 p.
428 2432 450 2465 3
464 2433 485 2466 l.
500 2442 533 2474 p.
546 2432 627 2474 2803
642 2432 811 2466 Dieterich
826 2432 914 2473 apud
924 2431 1245 2472 Pauly-Wissowam
1261 2442 1286 2464 s.
1302 2441 1335 2466 v.
1350 2431 1527 2475 Aisa-hylas
1537 2432 1659 2465 11072.

326 2483 340 2503 ⁸
360 2484 518 2518 Welcker
548 2484 619 2517 Die
646 2483 875 2526 Aeschylische
907 2483 1052 2527 fflloqie
1080 2483 1316 2526 Prometheus,
1344 2484 1551 2518 Dar-metuat
1579 2484 1661 2518 1824

218 2546 251 2578 p.
272 2536 410 2579 asssqq.;
438 2537 533 2579 Bapp
561 2537 650 2578 apud
678 2536 880 2570 Roscherum
909 2536 966 2569 III
986 2536 1008 2569 2
1036 2536 1096 2570 eol.
1124 2536 1282 2579 30612q.;
1313 2537 1529 2580 Tragicorum
1558 2536 1661 2571 Grae·

219 2598 330 2623 corum
353 2589 558 2632 Fragmenta
578 2588 716 2632 (TGF)²
736 2598 798 2622 rec.
823 2589 997 2631 Augustus
1018 2588 1136 2623 Nauck
1157 2589 1290 2631 Lipsiae
1313 2589 1395 2623 1889
1416 2590 1455 2624 ir.
1473 2589 1611 2631 leosqq.
