1990 2959
387 161 439 198 46
985 160 1105 192 Ericus
1126 160 1247 192 Mulier

386 263 476 312 Qua
504 263 554 301 de
581 273 707 302 causa
733 261 957 312 potentiam
985 265 1027 302 et
1063 262 1326 302 sanctitatem
1355 263 1520 303 deorum
1547 266 1833 317 demonstrant,

383 335 501 365 sacra
527 324 632 365 ritus
659 335 800 372 mores,
839 336 942 374 quae
970 336 996 364 a
1022 324 1085 364 dis
1112 324 1308 365 instituta
1335 335 1421 365 esse
1449 326 1732 379 credebantur,
1760 332 1835 370 aut

385 387 591 427 condendo
619 390 693 426 aut
716 387 979 427 vaticinando
1007 386 1240 431 instituunt.
1269 391 1414 437 gentes
1432 387 1596 427 deorum
1623 390 1833 431 voluntate

384 452 640 500 procreatum
658 449 712 490 iri
731 450 1036 501 praenuntiant,
1056 449 1218 491 uomina
1235 450 1431 500 quaedam
1449 449 1676 492 hominibus
1694 453 1833 495 rebus-

385 523 462 560 que
488 512 576 551 indi
604 512 757 552 iubent.
812 512 968 564 Quibus
995 513 1210 562 explicatis
1237 511 1359 562 αἵτια,
1395 524 1498 561 quae
1526 512 1726 563 dicuntur,
1761 526 1835 563 per

386 576 482 615 deos
508 575 732 626 tragoediis
759 576 1003 616 inseruntur.
1057 574 1297 616 Huiusmodi
1327 575 1392 616 dei
1425 578 1699 625 apparuerunt
1726 578 1834 626 apud

384 637 629 688 Aeschylum
655 638 698 676 in
718 638 981 688 Prometheis,
1009 649 1111 687 quae
1135 637 1276 677 fabula
1294 649 1367 687 per
1384 638 1490 678 solos
1508 639 1603 677 deos
1621 638 1834 688 agebatur,

384 699 698 751 Eumenidibus,
735 700 1008 751 Danaidibus,
1043 700 1194 741 fabulis
1232 701 1284 741 ad
1318 701 1555 751 Pentheum,
1590 700 1833 751 Lycurgum,

384 764 631 803 Actaeonem
659 763 962 812 pertinentibus
989 766 1032 802 et
1068 763 1241 803 fortasse
1269 763 1392 803 etiam
1418 763 1462 802 in
1499 763 1563 813 iis,
1599 763 1747 812 quibus
1781 764 1832 802 de

384 825 526 866 Ixione
553 829 597 866 et
624 825 797 876 Sisypho
824 826 1035 876 agebatur.

489 888 793 929 Vetustioribus
821 889 1057 939 tragoediis,
1089 889 1234 938 quibus
1262 888 1481 938 praecipue
1506 889 1559 928 ad
1597 889 1691 928 deos
1729 888 1831 928 cele-

383 952 558 993 brandos
586 952 858 1003 spectabatur,
893 952 995 992 haec
1031 952 1117 992 sola
1152 952 1246 991 deos
1275 950 1495 991 adhibendi
1529 950 1635 991 ratio
1668 950 1831 1001 propria

383 1018 483 1064 erat,
510 1027 625 1064 quae,
653 1027 742 1054 cum
770 1016 895 1054 etiam
922 1016 1087 1055 heroum
1125 1014 1238 1054 facta
1273 1014 1497 1064 tragoediis
1524 1015 1762 1064 agebantur,
1788 1014 1830 1053 in

384 1077 458 1118 has
496 1089 653 1128 quoque
692 1077 853 1118 fabulas
889 1077 1095 1118 translata
1132 1081 1195 1118 est
1227 1077 1342 1119 velut
1377 1077 1421 1117 in
1459 1076 1677 1128 Danaides,
1711 1087 1829 1126 quam

383 1142 498 1180 modo
526 1141 842 1180 commemoravi.
897 1141 978 1181 Sed
1005 1141 1129 1180 etiam
1157 1152 1240 1180 mos
1268 1142 1361 1180 deos
1388 1140 1678 1189 introducendi,
1714 1151 1829 1189 quem

383 1204 426 1244 in
456 1203 628 1244 heroicis
656 1203 903 1244 carminibus
931 1204 1158 1245 invenimus
1187 1203 1335 1254 quique
1361 1215 1386 1244 a
1413 1203 1499 1244 ludi
1536 1202 1643 1244 sacri
1670 1202 1830 1244 ratione

385 1278 431 1306 eo
460 1267 607 1316 differt,
636 1268 740 1315 quod
759 1268 802 1305 in
821 1267 1068 1306 carminibus
1092 1267 1175 1306 illis
1204 1267 1269 1306 dei
1290 1278 1369 1306 non
1387 1266 1575 1316 religioni
1602 1266 1830 1306 inserviunt

383 1330 454 1369 sed
482 1332 529 1369 ut
558 1329 636 1378 ipsi
664 1329 844 1369 homines
881 1329 967 1369 suis
1004 1329 1171 1378 quisque
1207 1329 1328 1369 rebus
1369 1328 1630 1379 prospiciunt,
1666 1328 1708 1368 in
1746 1331 1827 1368 tra-

382 1391 548 1440 goediis,
575 1402 744 1439 quarum
772 1394 1012 1440 argumenta
1040 1392 1092 1430 ab
1121 1391 1293 1430 heroicis
1320 1391 1450 1439 poetis
1477 1394 1686 1439 assumpta
1723 1394 1830 1441 sunt,

382 1453 665 1494 adhibebatur.
1485 1446 1488 1450 ’

486 1517 535 1556 111
563 1516 755 1566 satyricis
774 1528 929 1565 quoque
955 1517 1106 1556 fabulis
1127 1519 1327 1566 apparent
1346 1517 1421 1567 dei,
1449 1520 1570 1565 atque
1599 1517 1723 1556 etiam
1750 1516 1827 1556 hac

382 1579 423 1619 in
452 1579 565 1629 poesi
592 1579 818 1620 ludibunda
845 1580 1049 1620 interdum
1077 1577 1186 1618 α’ίτια
1213 1591 1302 1620 cum
1330 1579 1383 1620 iis
1410 1579 1625 1620 coniuncta
1651 1581 1757 1619 sunt.

486 1643 575 1683 Non
593 1642 635 1683 in
654 1642 741 1693 ipso
762 1644 922 1684 deorum
942 1655 1106 1684 numero
1131 1644 1202 1683 sed
1222 1643 1310 1683 deis
1328 1643 1478 1684 similes
1496 1645 1592 1684 sunt
1618 1643 1828 1683 umbrae

382 1708 720 1756 mortuorum,
746 1718 839 1746 nam
867 1718 938 1746 eas
966 1718 1122 1755 quoque
1150 1706 1330 1746 homines
1358 1707 1485 1746 sacris
1504 1706 1732 1755 divinisque
1760 1706 1827 1745 ho-

381 1768 546 1808 noribus
573 1768 763 1808 colebant
790 1772 832 1808 et
858 1768 1060 1808 interdum
1097 1780 1148 1808 ex
1177 1768 1278 1809 Orco
1306 1768 1516 1818 provocari
1538 1779 1656 1818 posse
1692 1778 1828 1807 cense-

382 1831 494 1880 bant,
513 1834 570 1879 ut,
589 1842 692 1878 quae
711 1830 896 1869 facienda
915 1834 1063 1880 essent,
1082 1831 1299 1870 edicerent.
1340 1830 1577 1870 Huiusmodi
1596 1831 1827 1870 umbrarum

383 1892 606 1941 exemplum
642 1892 685 1931 in
722 1892 859 1932 Persis
897 1892 1090 1942 Aeschyli
1127 1895 1283 1942 exstat,
1318 1904 1406 1932 cum
1442 1891 1568 1932 Darei
1605 1889 1767 1930 εἴδωλον
1803 1903 1827 1930 a

383 1956 502 1995 choro
522 1958 565 1995 et
583 1956 734 1995 Atossa
753 1967 803 1995 ex
825 1954 967 1994 inferis
988 1954 1192 1994 excitetur
1211 1955 1304 2006 (619
1315 1954 1426 2006 sqq),
1443 1958 1500 2004 ut,
1528 1965 1630 2003 quae
1648 1953 1691 1993 in
1709 1956 1827 1993 tanta

382 2018 617 2058 calamitate
644 2018 730 2058 sint
766 2019 935 2068 agenda,
977 2019 1160 2058 suadeat.
1223 2018 1416 2058 Graviter
1442 2017 1652 2067 vituperat
1687 2017 1827 2056 umbra

380 2081 532 2120 Xerxis
561 2081 857 2129 Persarumque
875 2080 1109 2130 superbiam
1137 2083 1180 2120 et
1200 2092 1299 2130 erga
1325 2081 1420 2120 deos
1446 2080 1600 2120 scelera
1628 2082 1750 2128 atque
1777 2091 1827 2119 ex

380 2143 554 2184 oraculis
584 2145 746 2184 deorum
774 2143 988 2184 renuntiat
1016 2143 1143 2184 etiam
1171 2143 1387 2184 Persarum
1422 2142 1557 2193 copias
1584 2142 1628 2182 in
1652 2141 1828 2183 Graecia

379 2207 546 2246 relictas
583 2208 760 2247 deletum
796 2207 860 2246 iri.
930 2206 1093 2246 Profert
1135 2210 1269 2246 autem
1309 2207 1409 2246 haec
1445 2210 1491 2245 ut
1525 2206 1641 2245 homo
1678 2205 1826 2253 aliquis

380 2268 543 2319 sapiens
562 2272 605 2310 et
622 2270 872 2310 oraculorum
892 2269 1060 2320 peritus,
1078 2280 1208 2319 neque
1227 2268 1441 2319 quicquam
1458 2267 1646 2319 propriae
1665 2268 1824 2308 deorum

379 2331 628 2382 tragicorum
655 2336 829 2373 naturae
856 2332 897 2372 in
926 2333 1002 2373 hac
1030 2333 1174 2373 umbra
1196 2333 1314 2373 inest.
