1990 2959
472 169 522 201 De
544 168 743 201 Graecorum
764 167 899 201 deorum
921 167 1072 210 partibus
1093 166 1289 207 Aeschyleis
1554 167 1605 206 27

164 284 278 314 arma
305 284 332 313 a
358 272 540 312 Vulcano
577 282 620 311 se
652 282 741 312 esse
769 270 985 311 allaturam
1023 269 1292 319 polliceretur.
1355 270 1494 319 Neque
1522 270 1608 311 ulla

164 335 276 376 iusta
302 346 426 374 causa
453 333 625 384 proferri
643 335 789 383 potest,
815 344 896 384 qua
924 335 1141 373 commotus
1160 332 1386 382 Aeschylus
1414 344 1504 372 eam
1529 344 1607 372 non

165 396 438 437 introduxerit
473 397 556 447 sed,
591 396 633 436 id
661 396 767 446 qnod
793 394 900 435 omni
936 397 1048 435 caret
1075 394 1374 445 probabilitate,
1410 394 1608 434 neminem

167 459 324 500 omnino
353 459 504 500 Achilli
532 460 841 509 respondentem
868 457 1024 499 fecerit.

272 522 541 574 Myrmidones
564 525 697 563 autem
716 526 856 562 secuta
875 520 1039 562 videtur
1056 531 1145 561 esse
1171 520 1209 560 N
1221 519 1365 561 ereid
1378 531 1429 561 es
1456 519 1608 571 fabula,

167 598 285 636 quam
322 586 365 625 in
393 586 637 626 sententiam
676 585 874 635 Welcker,
908 584 1117 624 Hermann
1152 583 1226 625 alii
1261 583 1406 623 ierunt.
1469 583 1608 633 Neque

166 651 302 688 tamen
338 648 465 687 multa
501 649 551 687 de
588 648 674 688 eius
703 650 939 697 argumento
966 646 1139 696 proferri
1166 650 1346 696 possunt,
1383 658 1471 686 cum
1511 658 1607 695 pau·

167 710 330 751 cissima
365 713 527 751 exstent
562 710 802 761 fragmenta.
856 710 992 750 Titulo
1026 713 1160 751 autem
1198 710 1384 750 docemur
1415 708 1608 749 Nereides

169 773 247 812 hac
273 773 316 812 in
342 773 482 812 fabula
510 774 753 823 apparuisse,
781 784 880 822 quas
907 773 1017 812 chori
1042 784 1206 812 munere
1241 773 1403 812 functas
1441 783 1529 811 esse
1565 774 1608 811 et

167 847 214 875 eo
242 835 459 876 verisimile
486 835 542 887 fit,
570 837 674 885 quod
701 835 862 885 saepius
891 847 913 875 e
940 836 1059 875 choro
1085 834 1308 886 tragoediis
1345 834 1458 875 tituli
1495 834 1606 874 inde·

167 899 317 937 bantur
343 897 408 948 (cf.
436 909 560 946 supra
583 910 620 946 p.
639 899 718 948 21),
746 901 788 936 et
815 899 919 945 quod
947 898 1170 946 Aeschylus
1199 900 1361 946 praeter
1387 897 1605 936 Nereidum

168 963 373 1001 catervam
409 960 480 1001 vix
517 959 638 1000 aliam
674 959 785 1000 chori
821 959 1056 1000 introduxit.
1118 960 1219 1000 Tum
1254 960 1302 1000 fr.
1338 959 1466 1009 150N,
1503 959 1607 1008 quod

169 1022 411 1061 Nereidibus
430 1022 473 1060 in
491 1033 652 1061 scenam
674 1021 984 1071 procedent-ibus
1002 1022 1258 1062 tribuendum
1277 1025 1350 1071 est,
1378 1021 1608 1071 anapaesti-

170 1096 259 1126 cum
286 1084 487 1135 rythmum
514 1084 694 1135 praebet,
721 1095 797 1134 quo
816 1083 977 1134 saepius
996 1084 1212 1136 Aeschylei
1238 1085 1350 1125 chori
1377 1084 1419 1125 in
1445 1083 1608 1134 parodis

170 1150 340 1187 utuntur
354 1147 379 1187 ².

275 1209 491 1251 Nereidum
522 1213 654 1251 autem
685 1209 846 1250 chorum
876 1221 987 1250 arma
1015 1210 1186 1251 Achillis
1213 1209 1401 1251 attulisse
1421 1209 1611 1251 Welcker

170 1277 213 1314 et
240 1274 446 1313 Hermann
473 1274 733 1313 consentiunt
761 1276 901 1313 vetere
920 1274 1151 1323 anaglypho
1178 1273 1313 1324 innisi,
1340 1274 1382 1313 in
1411 1284 1488 1322 quo
1514 1273 1610 1313 illae

171 1348 284 1376 arma
311 1338 575 1386 apportantes
595 1335 845 1386 effinguntur
857 1335 884 1376 ².
936 1336 1042 1376 Huic
1061 1336 1289 1376 sententiae
1307 1336 1494 1387 graviter
1519 1346 1610 1375 con-

169 1399 347 1440 tradixit
374 1399 586 1439 Wecklein
611 1399 637 1439 l.
663 1399 688 1439 1.
716 1411 752 1449 p.
779 1400 857 1440 352
867 1411 934 1449 sq.,
962 1411 1049 1439 cum
1077 1399 1166 1440 fieri
1193 1411 1308 1449 posse
1343 1402 1527 1449 negaret,
1564 1402 1611 1438 ut

171 1461 434 1512 NereidibuS,
470 1474 549 1502 nou
585 1462 767 1512 Thetidi,
808 1474 911 1512 quae
948 1475 973 1502 a
1009 1463 1191 1502 Vulcano
1228 1474 1340 1502 arma
1376 1462 1609 1512 accepisset,

170 1525 271 1566 illud
298 1524 472 1566 officium
499 1524 758 1566 tribueretur.
811 1525 890 1566 Sed
924 1525 1011 1576 ipse
1041 1525 1250 1566 Wecklein
1278 1525 1495 1566 confitetur
1521 1524 1610 1565 iure

171 1589 339 1637 quodam
367 1600 417 1628 ex
435 1588 598 1638 Hygino
626 1589 722 1639 (fab.
743 1589 832 1639 106)
862 1592 903 1628 et
921 1589 1069 1629 Plauto
1093 1588 1226 1639 (Epid.
1245 1589 1311 1640 36)
1339 1588 1467 1629 conici
1492 1599 1610 1638 posse

171 1651 213 1691 in
239 1650 348 1691 Enni
375 1650 523 1701 fabula,
551 1662 653 1700 quae
679 1650 981 1691 inscribebatur
1008 1651 1194 1691 Hectoris
1220 1652 1332 1691 lutra
1344 1651 1370 1702 ³,
1398 1663 1510 1692 arma
1536 1651 1611 1691 illa

172 1725 198 1754 a
215 1713 456 1754 Nereidibus
474 1725 560 1754 esse
579 1714 717 1755 allata.
770 1714 928 1754 Ennius
946 1717 1093 1765 autem,
1116 1715 1204 1755 sive
1224 1716 1328 1755 hanc
1345 1715 1610 1765 tragoediam,

172 1780 218 1816 ut
256 1776 480 1816 Ribbeckio
528 1777 747 1817 videbatur
758 1777 785 1826 ⁴,
837 1779 1052 1817 secundum
1095 1777 1287 1829 Aeschyli
1330 1777 1611 1828 Myrmidones,

171 1838 375 1888 Nereides,
402 1839 591 1878 Hectoris
618 1839 737 1890 lytra,
764 1839 862 1890 sive,
898 1843 944 1879 ut
971 1839 1129 1879 Vahlen
1158 1840 1316 1880 censuit
1329 1840 1355 1891 ⁵,
1395 1841 1612 1880 secundum

172 1902 397 1952 Homerum,
423 1901 484 1942 ita
508 1905 656 1952 tamen,
685 1905 732 1943 ut
758 1902 884 1943 etiam
911 1903 1106 1954 Aeschyli
1132 1903 1205 1943 illa
1230 1904 1416 1943 dramata
1444 1903 1614 1953 noverit,

173 1963 354 2016 confecit,
382 1965 452 2006 vix
479 1965 532 2015 id,
568 1967 674 2015 quod
700 1967 750 2006 de
778 1965 1019 2006 Nereidibus
1047 1966 1212 2023 videtur
1247 1966 1491 2017 praebuisse,
1525 1966 1613 2016 ipse

174 2028 254 2069 sibi
288 2029 418 2080 finxit,
454 2030 526 2069 sed
561 2029 695 2079 potius
732 2041 781 2070 ex
818 2030 973 2070 Graeco
1008 2029 1142 2080 aliquo
1176 2034 1306 2080 poeta,
1343 2042 1419 2079 quo
1457 2031 1533 2070 hac
1569 2030 1611 2069 in

281 2133 292 2154 ¹
315 2134 365 2168 cf.
388 2134 527 2176 parodos
547 2134 733 2177 Persarum,
757 2134 955 2177 Supplicum,
978 2134 1247 2177 Agamemnonis

280 2186 294 2205 ²
316 2187 365 2220 De
385 2187 591 2228 Nereidibus,
613 2197 698 2228 quae
720 2197 812 2220 arma
833 2187 973 2221 Achillis
995 2190 1165 2228 portantes
1192 2188 1228 2219 in
1249 2187 1452 2228 imaginibus
1482 2188 1612 2221 effictae

174 2241 261 2281 sunt,
278 2239 319 2272 cf.
330 2239 621 2273 BaumeisterumI
629 2239 689 2272 732
698 2249 766 2281 sqq.
778 2242 813 2272 et
824 2239 1109 2273 Weizsaeckerum
1120 2239 1156 2271 in
1167 2239 1324 2272 Roscheri
1335 2240 1397 2272 lex.
1410 2240 1463 2272 III
1471 2239 1533 2272 222
1542 2250 1612 2282 sqq.

174 2290 272 2332 Apud
293 2291 471 2325 Homerum
493 2291 561 2324 sola
582 2291 700 2324 Thetis
721 2301 813 2324 arma
835 2301 856 2324 a
877 2291 1026 2324 Vulcano
1048 2291 1145 2324 affert
1167 2291 1220 2334 (cf.
1243 2291 1276 2322 Σ
1289 2291 1349 2324 139
1357 2301 1438 2334 sqq.,
1459 2291 1523 2325 369
1531 2302 1613 2336 sqq,

180 2344 211 2374 T
230 2343 246 2375 1
256 2344 348 2386 sqq.)‚
370 2344 430 2377 sed
444 2344 511 2376 iam
525 2343 561 2376 in
577 2344 710 2385 Cypseli
730 2353 808 2377 arca
822 2353 862 2376 ex
876 2344 1063 2377 Pausaniae
1078 2344 1267 2377 testimonio
1283 2345 1326 2386 (V
1343 2344 1392 2387 19,
1408 2345 1441 2387 8)
1457 2345 1615 2379 Nereides

175 2404 256 2438 eam,
279 2405 353 2429 cum
374 2406 395 2428 a
415 2395 564 2429 Vulcano
586 2406 678 2428 arma
699 2396 873 2438 acciperet,
896 2395 1148 2429 comitabantur.

281 2447 294 2466 ³
315 2447 464 2481 Ribbeck
485 2447 596 2481 ΤΒΕ8
631 2458 663 2489 p.
695 2447 737 2480 37
753 2458 844 2491 sqq.;
879 2448 1028 2491 Vahlen,
1064 2448 1238 2483 Ennianae
1274 2459 1408 2491 poeseos
1445 2449 1614 2492 reliquiae,

175 2500 307 2542 Lipsiae
330 2499 413 2533 1903
433 2511 464 2542 p.
489 2500 626 2542 144sqq.

183 2549 187 2551 “
280 2554 296 2572 ⁴
316 2552 386 2586 Die
406 2552 570 2586 rb'miache
594 2552 766 2595 Traqiidie,
790 2552 927 2595 Leipzig]
950 2553 1033 2586 1875
1054 2564 1085 2595 p.
1111 2554 1181 2587 126.

281 2604 295 2624 ⁸
317 2604 448 2639 Vahlen
469 2605 490 2638 1.
512 2605 533 2639 1.
557 2615 587 2649 p.
608 2604 738 2639 CCVII.
