1990 2959
536 164 585 196 De
608 162 807 196 Graecorum
829 162 964 195 deorum
986 157 1137 203 partibus
1158 161 1351 203 Aeschyleis
1615 162 1667 203 45

227 268 374 319 Glauci
398 266 614 318 piscatoris
632 265 881 307 Anthedonii
907 269 1057 306 sortem
1078 267 1287 314 tractasse,
1314 276 1441 315 quem,
1465 277 1553 306 cum
1576 278 1668 316 gra·

227 332 337 373 mina
373 330 570 380 quaedam
606 328 868 378 comedisset,
909 327 953 367 in
990 329 1108 368 deum
1149 327 1348 367 marinum
1383 331 1668 368 commutatum

227 405 316 435 esse
342 391 569 433 Pausanias
595 391 660 431 IX
682 391 743 441 22,
763 391 798 439 7,
825 390 935 431 TGF
962 402 999 440 p.
1019 391 1062 430 11
1086 390 1227 430 tradit.
1279 389 1359 430 Hic
1385 390 1525 431 fabula
1551 402 1669 431 enar-

227 459 322 496 rata
355 454 495 495 addit:
540 451 727 505 Πινδάρῳ
773 452 816 492 de
860 452 928 491 καὶ
972 450 1157 503 Αἰσχύλῳ
1202 453 1523 502 πυνθανομένοις
1557 452 1670 504 παρὰ

227 516 487 570 Ἀνθηδονίων
512 521 569 567 τῷ
594 513 666 566 μὲν
693 514 763 554 οὐκ
788 512 860 554 ἐπὶ
886 514 990 554 πολὺ
1018 511 1193 567 &tq-&952¹
1219 510 1317 565 ᾆσαι
1343 514 1393 553 τὰ
1417 512 1460 561 ἐς
1484 514 1667 559 Γλαῦκον,

226 578 412 631 Αἰσχύλῳ
440 578 482 618 δὲ
509 578 577 617 καὶ
600 575 658 625 εἰς
684 580 846 630 ποίησιν
881 577 1082 628 δράματος
1116 577 1329 633 ἐξήρκεσεν.
1381 578 1495 618 Haec
1530 579 1667 630 verba,

228 654 316 684 cum
353 653 376 683 e
402 641 578 693 genuino
621 652 742 682 sensu
777 640 1041 692 explicentur,
1081 640 1315 691 significant
1349 643 1496 681 sortem
1524 641 1668 682 Glauci

227 707 341 747 modo
367 708 576 746 narratam
605 705 806 756 Aeschylo
834 706 888 745 ad
914 706 1055 745 drama
1082 704 1414 745 conscribendum
1449 704 1667 746 suffecisse.

227 768 288 809 Ne
314 780 402 809 cum
430 769 504 808 hoc
532 767 692 818 quidem
711 767 940 808 Pausaniae
967 768 1061 818 loco,
1089 767 1126 807 si
1152 768 1266 807 modo
1293 769 1404 808 recte
1430 767 1666 818 explicatur,

227 832 435 874 Welckeri
452 830 656 872 sententia
673 831 872 882 convenit,
899 831 969 881 qui
993 831 1209 881 praecipue
1227 832 1276 871 de
1295 830 1510 871 Himeraea
1527 842 1665 881 pugna

226 906 251 935 a
279 894 429 935 Glauco
456 896 651 934 enarrata
676 905 756 935 non
784 895 833 934 de
860 893 948 944 ipsa
975 893 1119 935 Glauci
1156 896 1265 934 sorte
1291 893 1334 933 in
1360 893 1503 934 fabula
1530 897 1664 934 actum

229 968 317 997 esse
345 956 558 997 censuerit.

332 1019 436 1059 Tota
462 1018 589 1068 igitur
617 1018 759 1059 fabula
784 1018 913 1057 αἴτιον
951 1018 1112 1067 aliquod
1140 1021 1310 1069 spectat,
1336 1030 1437 1069 cum,
1473 1019 1664 1068 quomodo

229 1081 407 1123 Glaucus
425 1081 523 1121 deus
540 1080 676 1121 factus
694 1080 760 1131 sit,
783 1081 1089 1121 demonstretur.
1138 1081 1344 1121 Hermann
1362 1085 1496 1122 autem
1515 1093 1665 1132 magna

228 1156 317 1185 cum
355 1144 488 1193 specie
520 1143 609 1184 veri
641 1143 736 1183 huic
769 1142 934 1184 fabulae
969 1143 1156 1183 attribuit
1194 1143 1241 1183 fr.
1277 1145 1355 1184 402
1390 1145 1432 1195 (l.
1464 1145 1489 1184 1.
1522 1157 1560 1194 p.
1586 1145 1665 1196 69),

230 1218 253 1247 e
279 1218 356 1256 quo
385 1206 628 1256 Aeschylum
656 1205 805 1256 Rhegii
841 1205 1012 1245 nominis
1040 1203 1167 1243 α’ίτιον
1203 1217 1526 1247 commemorasse
1562 1217 1665 1246 com-

227 1269 415 1318 perimus.
468 1268 582 1308 Haec
609 1267 828 1317 explicatio
855 1268 1006 1308 Glauco
1037 1267 1118 1316 ipsi
1146 1271 1209 1307 est
1234 1267 1463 1318 tribuenda,
1490 1268 1560 1317 qui
1585 1268 1666 1309 iter

226 1342 300 1381 per
325 1330 434 1370 freta
461 1330 652 1370 Boeotica
679 1333 722 1370 et
748 1329 885 1370 Sicula
910 1329 1062 1369 factum
1099 1329 1315 1379 descripsit
1351 1330 1417 1382 (cf.
1443 1329 1492 1370 fr.
1518 1330 1580 1370 30.
1603 1330 1665 1370 31.

228 1393 292 1434 32.
321 1393 386 1444 33)
401 1394 426 1433 ¹.
480 1390 600 1431 Αἴτια
627 1392 756 1442 igitur
782 1404 807 1432 a
834 1392 897 1433 dis
930 1392 1135 1442 explicata
1171 1392 1294 1432 etiam
1320 1392 1364 1432 in
1390 1393 1572 1443 satyrica
1606 1392 1665 1432 fa·

228 1455 326 1496 bula
351 1454 589 1496 invenimus.
642 1454 781 1504 Neque
804 1457 942 1495 tamen
959 1454 1047 1495 iure
1071 1454 1218 1504 aliquis
1237 1454 1315 1494 hac
1340 1455 1391 1495 de
1417 1465 1463 1495 re
1489 1454 1667 1506 miretur,

228 1530 317 1559 cum
344 1517 484 1558 fabula
510 1517 690 1568 satyrica
717 1518 895 1557 eiusdem
918 1517 1086 1568 originis
1109 1517 1166 1557 sit
1193 1529 1313 1567 quam
1340 1518 1431 1568 ipsa
1456 1518 1667 1569 tragoedia

229 1584 352 1631 atque
379 1583 470 1621 arte
495 1592 583 1620 cum
610 1581 688 1620 hac
714 1580 927 1620 coniuncta
953 1580 1089 1620 fuerit.
1144 1580 1285 1620 Facile
1321 1579 1450 1631 igitur
1486 1580 1667 1630 tragicae

227 1655 382 1694 quoque
410 1643 578 1684 rationis
603 1642 756 1693 aliquid
783 1643 827 1683 in
854 1644 1055 1694 satyricas
1082 1642 1243 1684 fabulas
1270 1643 1403 1693 potuit
1428 1643 1616 1684 transire.

332 1708 421 1746 Duo
459 1706 543 1745 alia
578 1705 689 1744 αἴτια
723 1709 890 1755 praeter
925 1717 983 1756 ea,
1020 1717 1123 1755 quae
1163 1706 1243 1745 iam
1280 1706 1594 1755 commemoravi,
1626 1706 1669 1745 in

228 1768 421 1819 Aeschyli
447 1768 632 1818 reliquiis
669 1771 834 1809 exstant
869 1769 940 1809 sed
976 1773 1112 1809 certae
1148 1768 1307 1808 cuidam
1342 1768 1507 1809 fabulae
1543 1768 1670 1809 tribui

227 1843 305 1871 non
331 1834 515 1881 possunt:
543 1830 770 1881 fragmento
796 1831 921 1871 312N
949 1832 1058 1880 apud
1085 1831 1329 1882 Aeschylum
1356 1831 1463 1872 filias
1489 1830 1668 1871 Atlantis

227 1894 270 1933 in
306 1894 507 1934 columbas
546 1891 782 1944 (πελειάδες)
819 1896 1084 1933 commutatas
1120 1904 1209 1933 esse
1244 1893 1427 1944 legimus,
1460 1893 1510 1934 fr.
1544 1892 1668 1934 313N

228 1955 415 1996 Curetum
442 1966 584 1995 nomen
612 1955 848 2005 explicatur.

330 2017 411 2058 Sed
450 2017 531 2058 iam
570 2018 754 2059 breviter
798 2018 1196 2068 comprehendamus,
1242 2029 1346 2067 quae
1383 2029 1434 2058 ex
1474 2015 1665 2067 Aeschyli

226 2079 378 2121 fabulis
405 2081 455 2120 de
482 2080 730 2131 tragicorum
759 2081 920 2121 deorum
947 2081 1081 2120 indole
1110 2083 1155 2119 et
1181 2080 1367 2130 partibus
1393 2079 1664 2128 comperimus.

225 2143 402 2184 Exortus
437 2146 502 2184 est
545 2144 705 2184 deorum
751 2143 795 2184 in
835 2142 1055 2195 tragoediis
1091 2154 1187 2183 usus
1227 2154 1278 2183 ex
1313 2142 1400 2182 ludi
1436 2141 1545 2182 sacri
1590 2152 1661 2182 na·

227 2210 332 2256 tura,
368 2218 456 2247 cum
492 2206 535 2246 in
561 2207 656 2246 ludo
696 2207 750 2246 ad
778 2208 938 2246 deorum
974 2207 1161 2246 honorem
1195 2208 1284 2244 acto
1319 2204 1399 2254 ipsi
1432 2215 1586 2254 quoque
1621 2203 1664 2243 di

226 2269 269 2309 in
305 2272 560 2319 conspectum
608 2270 815 2309 darentur.
885 2268 1016 2309 Huius
1060 2268 1165 2308 modi
1205 2270 1341 2307 autem
1376 2266 1444 2308 dei
1476 2270 1522 2307 ut
1556 2270 1666 2308 totus

226 2333 345 2373 ludus
370 2330 557 2382 religioni
585 2334 709 2381 atque
735 2331 885 2381 pietati
912 2342 1011 2381 erga
1037 2332 1130 2371 deos
1157 2329 1398 2371 excitandae
1423 2330 1665 2372 inserviunt.

334 2435 346 2454 ¹
366 2435 520 2468 Fortasse
543 2435 604 2468 hoc
624 2434 695 2467 loco
716 2434 754 2465 ἐν
767 2435 925 2476 παρέργῳ
946 2433 1092 2467 Glaucus
1114 2433 1216 2467 etiam
1230 2433 1323 2467 illam
1337 2443 1489 2476 pugnam
1503 2433 1540 2467 in
1553 2434 1667 2468 Sicilia

227 2488 442 2530 commissam,
476 2488 515 2521 de
548 2497 615 2529 qua
646 2487 740 2520 modo
769 2486 924 2530 diximus,
955 2486 1232 2520 commemoravit.
1283 2487 1355 2520 Hoc
1382 2487 1425 2520 ad
1454 2486 1573 2521 Glauci
1600 2487 1668 2522 iter

227 2540 268 2572 de
296 2540 522 2574 Wilamowitz
553 2539 677 2581 Iayllos
708 2549 736 2572 v.
769 2538 981 2581 Epidauros,
1017 2538 1139 2572 Phiwl.
1184 2538 1314 2572 Untere.
1347 2538 1397 2572 IX
1430 2538 1552 2572 Berlin
1584 2539 1667 2572 1886

226 2601 258 2634 p.
282 2592 343 2625 113
350 2602 398 2635 sq.
420 2591 584 2628 incertum
607 2591 764 2635 Aeschyli
785 2591 826 2625 fr.
847 2591 910 2625 284
931 2591 1076 2626 rettulit.
