1990 2959
480 154 530 188 De
551 153 751 189 Graecorum
772 154 907 188 deorum
928 153 1079 196 partibus
1101 152 1292 194 Aeschyleis
1561 151 1611 191 15

171 259 261 301 iure
286 259 556 301 Duentzerum
582 259 834 300 contendisse
862 259 899 310 (l.
925 271 964 309 p.
989 260 1037 299 ll
1065 258 1090 299 1.
1117 271 1155 309 p.
1183 258 1275 310 746)
1302 257 1439 308 aquila
1465 261 1612 297 necata

172 323 309 363 Iovem
336 322 466 373 ipsum
494 324 545 363 de
562 323 674 364 caelo
697 322 962 363 descendisse.
1015 321 1284 363 Verisimilius
1311 321 1416 361 enim
1444 324 1511 361 est
1536 331 1612 370 per

171 385 425 436 Mercurium,
451 385 521 435 qui
537 385 642 426 idem
669 385 712 425 in
730 385 877 426 Vincto
894 385 1004 425 Iovis
1026 386 1220 425 mandata
1247 386 1301 424 ad
1327 384 1608 424 Prometheum

171 447 316 498 defert,
341 448 448 489 hunc
473 447 562 488 Iovi
588 459 677 488 esse
706 446 1018 487 reconciliatum.
1072 447 1207 496 Atque
1234 446 1457 486 Mercurius
1484 445 1608 486 etiam

170 509 322 551 divinis
348 509 565 551 honoribus
588 522 614 551 a
632 509 870 550 mortalibus
898 509 1050 549 cultum
1076 509 1130 549 iri
1148 509 1426 549 Prometheum
1446 508 1611 549 videtur

171 572 383 613 indicasse.
445 573 584 622 Neque
627 572 733 612 enim
776 571 997 616 verisimile
1041 576 1105 611 est
1140 571 1321 611 Atticum
1366 575 1524 620 poetam
1560 572 1611 610 de

173 635 313 682 Attico
349 634 579 677 Promethei
616 634 727 674 cultu
767 634 895 675 verba
930 644 1009 674 nou
1044 633 1210 685 fecisse,
1244 633 1484 684 praesertim
1522 645 1610 674 cum

172 698 301 739 divini
338 699 470 738 cultus
505 696 616 735 αἴτια
650 709 740 736 cum
780 697 1082 747 tragoediarum
1129 697 1378 745 argumentis
1424 697 1613 746 coniungi

172 760 293 811 plane
318 771 371 801 ex
397 759 483 801 ludi
509 759 615 801 sacri
640 762 791 800 natura
816 761 934 809 esset,
961 758 1004 799 id
1022 759 1126 808 quod
1153 758 1232 799 iam
1260 758 1303 799 in
1322 758 1613 799 Eumenidibus

112 874 117 877 ,
174 822 361 864 vidimus.

279 886 381 927 Tum
418 888 553 929 autem
582 885 815 926 Athenaeus
856 884 935 925 XV
963 897 998 935 p.
1026 884 1151 925 674D
1180 884 1280 925 haec
1317 885 1507 934 praebet:
1544 884 1614 923 Λί-

176 948 318 997 σχύλος
345 946 434 987 δ’ἐν
459 955 514 998 τῷ
542 947 713 998 λυομένῳ
742 949 951 999 Προμηθεῖ
976 953 1117 999 σαφῶς
1152 959 1284 998 φησιν,
1322 946 1384 985 ὅτι
1420 944 1490 985 ἐπὶ
1521 953 1613 997 τιμῇ

173 1017 246 1051 τοῦ
272 1012 523 1063 Προμηθέως
549 1009 619 1051 τὸν
646 1012 841 1061 στέφανον
867 1011 1124 1062 περιτίθεμεν
1147 1017 1196 1062 τῇ
1223 1009 1375 1063 κεφαλῇ
1404 1008 1615 1049 ἀντίποινα

176 1079 249 1111 τοῦ
276 1070 424 1112 ἐκείνου
453 1072 614 1123 δεσμοῦ·
649 1074 781 1111 καίτοι
817 1070 858 1111 ἐν
893 1079 940 1124 τῇ
969 1071 1269 1124 ἐπιγραφομένῃ
1299 1073 1445 1125 Σφιγγὶ
1471 1071 1615 1110 εἰπών·

431 1171 492 1217 Τῷ
521 1166 564 1205 δὲ
592 1168 687 1218 ξένῳ
715 1180 759 1218 γε
787 1168 991 1217 στέφανον,
1021 1166 1365 1219 ἀρχαῖον-στέφος,

427 1228 582 1279 δεσμῶν
609 1228 772 1281 ἄριστος
797 1227 842 1267 ἐκ
869 1230 1120 1282 Προμηθέως
1145 1229 1276 1280 λόγου.
1340 1285 1343 1288 ⁴

177 1324 265 1376 Quo
301 1325 386 1365 loco
422 1324 630 1364 Dueutzer
663 1325 689 1365 1.
724 1337 760 1374 p.
795 1326 843 1364 11
878 1325 903 1364 l.
939 1337 975 1374 p.
1014 1325 1091 1365 745
1100 1336 1157 1374 sq.
1194 1325 1322 1365 verba
1358 1322 1399 1362 ἐν
1433 1330 1489 1374 τῷ
1525 1323 1613 1362 λυο-

176 1388 281 1438 μένῳ
309 1388 519 1439 Προμηθεῖ
544 1399 566 1427 e
593 1387 696 1428 falso
722 1387 1011 1439 additamento,
1046 1388 1150 1437 quod
1177 1387 1219 1427 in
1246 1387 1429 1437 margine
1466 1386 1615 1436 aliquis

174 1449 474 1500 adscripsisset‚
504 1449 547 1489 in
575 1453 806 1490 contextum
844 1453 1012 1500 recepta
1039 1461 1128 1490 esse
1154 1454 1196 1490 et
1232 1451 1282 1490 de
1316 1449 1403 1490 sola
1434 1448 1614 1500 Sphinge

175 1512 245 1563 agi
281 1512 497 1552 contendit.
558 1513 681 1552 Immo
717 1513 791 1553 hoc
826 1513 1081 1553 scribendum
1117 1524 1226 1553 esse:
1260 1510 1455 1561 Αἰσχύλος
1489 1509 1532 1550 ἐν
1567 1518 1613 1562 τῇ

173 1572 474 1626 ἐπιγραφομένῃ
488 1574 637 1626 Σφιγγὶ
654 1581 795 1627 σαφῶς
812 1586 943 1626 φησιν,
963 1574 1024 1613 ὅτι
1042 1572 1112 1613 ἐπὶ
1126 1607 1135 1616 .
1151 1604 1159 1612 .
1177 1604 1185 1613 .
1201 1607 1211 1615 .
1229 1573 1376 1624 δεσμοῦ
1392 1573 1520 1613 εἰπών
1533 1573 1615 1615 κτλ.

175 1638 316 1688 Neque
352 1637 457 1678 enim
499 1649 550 1678 ex
585 1637 764 1689 Sphinge
799 1649 957 1681 versum
994 1637 1132 1678 afferri
1167 1649 1294 1688 posse,
1330 1641 1395 1689 ut,
1434 1648 1540 1687 quae
1571 1637 1614 1678 in

175 1701 413 1741 Prometheo
433 1700 543 1740 dicta
561 1701 656 1751 sint,
674 1712 967 1751 cognoscamus
1020 1701 1133 1741 Haec
1154 1712 1316 1751 prorsus
1342 1700 1498 1741 futtilia
1524 1711 1615 1740 esse

174 1775 289 1805 nemo
315 1775 394 1804 non
421 1763 545 1805 videt.
599 1764 727 1804 Plane
745 1763 850 1804 enim
879 1763 1025 1815 effugit
1042 1764 1313 1805 Duentzerum
1339 1763 1422 1804 alia
1449 1775 1501 1804 ex
1518 1763 1614 1803 Pro·

175 1827 345 1877 metheo,
368 1826 452 1866 alia
470 1838 493 1867 e
507 1826 686 1877 Sphinge
703 1826 851 1867 afferri.
887 1828 952 1867 An
963 1839 1017 1867 ex
1030 1839 1088 1878 eo,
1107 1828 1213 1876 quod
1231 1827 1427 1867 dicamus:
1447 1826 1617 1876 ‘corona‚

175 1892 295 1930 vetus
305 1891 427 1939 serta,
440 1889 591 1939 hospiti
601 1889 792 1939 optimum
802 1889 1007 1930 vinculum
1017 1893 1091 1940 est,
1099 1889 1206 1930 sicut
1215 1890 1478 1930 Prometheus
1487 1888 1618 1939 dixit’,

174 1950 265 2001 quis
283 1951 457 1992 coniciat
471 1951 649 1992 homines
663 1963 847 1992 coronam
861 1952 903 1992 in
917 1952 1146 2009 Promethei
1159 1953 1347 1992 honorem
1365 1951 1485 2003 ferre,
1503 1951 1619 2000 quasi

175 2014 236 2055 eis
263 2013 364 2064 ipsis
390 2025 520 2064 poena
546 2014 632 2055 eius
659 2014 714 2055 sit
737 2013 969 2065 expianda?
1031 2015 1155 2056 Immo
1191 2015 1355 2057 diversa
1380 2015 1618 2064 afferuntur,

175 2081 221 2117 et
253 2078 428 2117 alterum
464 2077 586 2118 alteri
621 2077 770 2127 optime
805 2089 903 2119 voce
938 2080 1088 2128 καίτοι,
1123 2090 1243 2127 quam
1279 2078 1400 2127 plane
1435 2077 1618 2127 neglexit

176 2139 395 2190 Dnentzer,
422 2139 647 2190 opponitur.
700 2139 873 2182 Videtur
899 2143 1036 2181 autem
1062 2140 1286 2191 Aeschylus
1314 2151 1372 2191 ea,
1399 2150 1501 2189 quae
1528 2139 1617 2190 ipse

174 2202 220 2243 in
247 2203 487 2244 Prometheo
513 2203 630 2254 dixit,
666 2203 875 2253 eleganter
909 2203 952 2244 in
983 2204 1112 2244 iocum
1148 2203 1322 2244 vertisse
1356 2202 1399 2243 in
1426 2202 1617 2253 Sphinge,

176 2265 319 2307 fabula
346 2265 525 2317 satyrica
560 2265 685 2318 (TGF
710 2277 748 2316 p.
776 2266 852 2318 76),
888 2277 977 2306 cum
1012 2266 1056 2306 in
1091 2266 1169 2306 hac
1195 2266 1351 2306 diceret
1385 2265 1537 2316 hospiti
1573 2265 1617 2306 in

176 2327 361 2370 convivio
375 2339 572 2379 'eoronam
599 2328 792 2378 optimum
814 2339 901 2369 esse
918 2328 1131 2379 vinculum,
1156 2329 1316 2369 scilicet
1342 2340 1393 2369 ne
1420 2328 1619 2369 maturius

178 2391 389 2431 decederet
402 2391 651 2441 asodalibus,
673 2391 716 2430 in
734 2391 946 2441 tragoedia
964 2394 1099 2431 autem
1117 2391 1310 2432 mortales
1324 2391 1368 2431 in
1386 2391 1618 2435 Promethei

148 2496 150 2498 ,
174 2453 364 2494 honorem
393 2452 531 2503 capita
557 2453 712 2494 coronis
739 2465 828 2494 esse
854 2453 1122 2505 redimituros,
1151 2458 1199 2496 ut
1215 2454 1275 2495 eis
1303 2455 1420 2505 quasi
1446 2455 1619 2496 vinculis

177 2514 373 2566 impositis
391 2515 470 2566 ipsi
488 2516 757 2556 multarentur
774 2527 845 2566 pro
863 2527 1001 2567 poena,
1028 2527 1109 2566 qua
1135 2516 1339 2559 hominum
1367 2516 1505 2568 gratia
1523 2517 1620 2557 Pro-

175 2578 359 2619 metheus
386 2581 495 2619 esset
513 2577 700 2620 afflictus.
753 2578 856 2620 Nam
884 2579 958 2620 hoc
978 2578 1234 2630 significatur
1252 2580 1455 2621 Athenaei
1481 2580 1617 2621 verbis
