1990 2959
539 176 590 209 De
613 175 814 210 Graecorum
835 176 969 210 deorum
991 175 1142 218 partibus
1163 175 1357 217 Aeschyleis
1622 175 1672 213 41

232 280 410 322 carmine
437 280 609 331 heroico,
635 292 686 321 ex
713 292 791 330 quo
809 281 1042 322 Cabirorum
1071 283 1351 331 argumentum
1379 291 1470 321 eum
1489 282 1673 329 desump-

231 343 333 384 sisse
352 342 549 393 suspicati
566 354 714 395 sumus,
742 343 907 384 Cabiros
925 344 1174 395 Argonautis
1192 342 1408 393 hospitium
1427 343 1673 394 praebentes

231 405 399 448 invenit.
452 406 540 447 Hoc
566 406 602 447 si
619 405 773 448 factum
791 418 870 447 non
897 409 972 459 est,
1000 406 1116 457 epica
1136 406 1210 447 illa
1227 406 1295 448 vel
1312 405 1463 447 similia
1488 405 1673 456 exempla

233 472 398 519 secutus,
425 481 492 511 eos
516 469 754 511 introduxit.

335 542 510 585 Ratione
546 543 737 585 carminis
771 542 924 585 heroici
969 542 1092 584 etiam
1127 543 1278 584 Boreas
1323 542 1365 583 in
1401 541 1670 594 Orithyia,

232 617 314 656 qua
339 606 480 647 fabula
504 607 716 658 Orithyiae
743 609 887 656 raptus
923 609 986 646 est
1012 609 1214 646 tractatus
1226 607 1251 656 ¹,
1288 606 1453 647 videtur
1488 617 1575 645 esse
1609 605 1670 645 in-

232 670 459 719 troductus;
495 669 694 710 incertum
721 672 855 710 autem
883 671 955 720 est,
990 680 1086 709 num
1121 669 1174 709 ab
1211 668 1324 719 epico
1357 679 1512 718 quoque
1548 671 1672 718 poeta

232 734 513 781 argumentum
538 732 595 771 sit
622 733 885 781 desumptum.

334 815 384 855 In
414 811 747 867 Heliadibus,
775 815 918 865 quibus
945 816 995 856 de
1012 815 1252 856 Phaetontis
1273 818 1400 855 morte
1418 818 1554 855 actum
1581 826 1670 854 esse

236 888 258 918 e
286 876 526 928 fragmentis
554 878 759 919 Hermann
786 888 918 928 opusc.
947 877 1012 918 III
1040 877 1117 918 130
1129 888 1213 927 sqq.
1240 877 1423 928 coniecit,
1450 877 1568 918 deum
1595 876 1670 917 ali-

233 952 350 990 quem
387 941 624 991 apparuisse
659 952 682 981 e
709 940 835 980 Plinii
869 940 954 980 loco
990 940 1165 980 fortasse
1201 940 1383 980 concludi
1417 943 1562 990 potest,
1600 940 1671 989 qui

231 1006 315 1043 nat.
342 1002 436 1043 hist.
463 1004 514 1043 37
541 1003 564 1053 ξ
591 1003 654 1052 31,
682 1002 731 1043 fr.
759 1002 856 1042 73N
882 1002 1011 1043 tradit
1037 1004 1251 1042 secundum
1280 1002 1524 1053 Aeschylum
1552 1002 1669 1042 alios-

232 1077 310 1114 que
336 1067 478 1114 poetas
505 1065 746 1105 Phaetontis
772 1076 927 1105 sorores
953 1065 1095 1105 fratris
1122 1068 1291 1105 mortem
1316 1065 1504 1115 lugentes
1530 1065 1574 1105 in
1601 1077 1669 1115 po-

232 1128 348 1178 pulos
376 1139 464 1167 esse
491 1129 757 1167 commutatas
789 1133 911 1176 atque
939 1138 989 1167 ex
1021 1126 1199 1167 lacrimis
1236 1139 1371 1167 earum
1400 1126 1583 1180 ἤλεκτρον
1609 1139 1670 1167 or-

233 1193 318 1231 tum
359 1201 457 1241 esse,
497 1190 563 1231 cui
602 1201 745 1231 nomen
787 1193 894 1231 esset
933 1189 1102 1231 inditum
1146 1201 1171 1230 a
1211 1201 1309 1231 voce
1347 1188 1528 1243 ἠλέκτωρ,
1567 1190 1671 1231 Solis

233 1254 476 1304 cognomine.
530 1253 643 1294 Haec
678 1253 714 1293 si
750 1254 802 1294 ab
830 1254 1029 1304 Aeschylo
1064 1253 1106 1293 in
1139 1253 1380 1294 Heliadibus
1417 1253 1529 1293 dicta
1564 1256 1670 1304 sunt,

234 1316 584 1357 commutationem
603 1316 762 1366 quidem
781 1315 999 1357 Heliadum
1019 1329 1044 1357 a
1062 1316 1205 1357 nuntio
1224 1315 1360 1366 aliquo
1386 1316 1558 1356 relatam
1585 1327 1672 1357 esse

232 1379 379 1429 aliquis
406 1382 581 1429 censeat,
609 1383 745 1420 tamen
771 1379 867 1420 solis
894 1380 1057 1419 deorum
1084 1379 1223 1420 verbis
1250 1381 1325 1419 aut
1352 1380 1405 1419 ab
1423 1378 1512 1428 ipso
1539 1379 1672 1428 aliquo

235 1444 308 1483 deo
337 1445 409 1482 aut
435 1454 509 1492 per
535 1442 740 1483 oraculum
774 1441 941 1482 traditis
979 1441 1173 1492 explicari
1199 1441 1335 1492 potuit
1369 1441 1556 1482 lacrimas
1592 1441 1673 1482 vir-

233 1504 371 1555 ginum
389 1505 432 1544 in
451 1505 645 1545 electrum
663 1508 947 1545 commutatum
962 1508 1005 1545 et
1022 1516 1045 1545 e
1059 1504 1163 1545 Solis
1177 1504 1409 1554 cognomine
1427 1504 1675 1554 appellatum

233 1568 298 1608 iri.
350 1567 542 1609 Fortasse
559 1567 690 1620 igitur
715 1567 758 1609 in
778 1567 1016 1609 Heliadibus
1035 1579 1191 1618 quoque
1210 1566 1336 1607 αἴτιον
1363 1579 1390 1608 a
1408 1567 1482 1608 deo
1500 1567 1673 1608 relatum

234 1631 389 1681 inerat;
416 1632 488 1671 sed
514 1631 636 1671 etiam
655 1630 697 1671 in
724 1630 806 1671 alia
828 1631 1042 1682 tragoedIa
1060 1629 1113 1676 ὡς
1131 1628 1173 1669 ἐν
1190 1633 1377 1682 παρέργῳ
1405 1631 1508 1671 haec
1530 1629 1675 1670 referri

234 1696 465 1744 potuerunt,
502 1693 616 1735 velut
643 1694 780 1735 eadem
817 1694 860 1735 in
887 1693 1096 1745 Euripidis
1123 1693 1346 1745 Hippolyto
1383 1693 1528 1735 chorus
1564 1693 1675 1734 canit

235 1757 288 1806 (v.
316 1757 393 1796 735
403 1757 512 1806 sqq.).

338 1829 531 1870 Fortasse
550 1829 675 1869 etiam
693 1828 737 1869 in
762 1828 945 1870 Aetnis
959 1829 975 1852 ²
1002 1829 1067 1870 dei
1096 1832 1382 1880 apparuerunt,
1410 1841 1530 1878 quam
1556 1829 1672 1868 fabu-

233 1891 314 1931 lam
353 1891 576 1941 Aeschylus
609 1890 858 1942 conscripsit,
893 1894 940 1931 ut
968 1891 1156 1942 Aetnam,
1191 1891 1380 1941 oppidum
1415 1892 1468 1931 ab
1496 1890 1672 1930 Hierone

235 1954 449 2004 conditum,
478 1954 713 2004 celebraret,
740 1955 817 2004 vel,
854 1958 901 1994 ut
927 1954 1056 2004 ipsius
1083 1954 1277 2004 Aeschyli
1305 1954 1419 1994 vitae
1446 1954 1672 2005 (Westerm.

234 2015 370 2067 Biogr.
405 2028 442 2066 p.
472 2017 558 2067 120,
586 2016 652 2064 52)
690 2016 817 2057 verba
845 2016 1021 2067 afferam,
1059 2015 1334 2066 οἰωνιζόμενος
1370 2013 1552 2054 ἐντεῦθεν
1584 2016 1672 2064 βίον

235 2077 393 2130 ἀγαθὸν
435 2084 520 2125 τοῖς
554 2078 816 2127 συνοικίζουσι
850 2078 915 2130 τὴν
950 2078 1078 2118 πόλιν.
1141 2080 1345 2129 Quattuor
1381 2081 1515 2118 autem
1551 2077 1670 2117 huius

233 2140 397 2182 fabulae
423 2153 564 2182 versus
591 2141 745 2183 servati
771 2144 867 2182 sunt
895 2153 920 2182 a
938 2141 1143 2183 Macrobio
1170 2142 1252 2182 Sat.
1270 2142 1307 2182 V
1325 2142 1385 2191 19,
1405 2141 1454 2180 17
1482 2140 1671 2191 (Eyssen-

234 2204 383 2256 hardt),
418 2204 466 2244 fr.
495 2206 519 2244 6
534 2205 570 2244 N
598 2205 651 2243 ad
686 2205 836 2244 cultum
861 2204 1087 2244 Palicorum
1122 2203 1386 2253 pertinentes,
1422 2214 1519 2251 quos
1546 2202 1671 2242 Siculi

235 2267 343 2317 apud
369 2266 501 2306 lacum
530 2278 580 2306 ex
606 2266 765 2306 illorum
792 2265 948 2306 nomine
975 2266 1221 2316 appellatum
1250 2264 1523 2306 celeberrimis
1545 2264 1672 2305 sacris

236 2328 471 2369 colebant⁸:

342 2454 355 2473 ¹
377 2453 426 2486 cf.
447 2453 544 2495 locos,
568 2462 649 2494 quos
670 2452 788 2486 Nauck
809 2452 896 2486 TGF
918 2462 950 2494 p.
972 2452 1014 2485 89
1037 2452 1162 2486 attulit.

342 2505 356 2525 ²
378 2506 428 2538 De
455 2505 557 2538 titulo
586 2505 626 2538 cf.
647 2505 688 2538 U.
718 2505 758 2537 de
780 2504 1005 2538 Wilamowitz
1034 2505 1055 2537 l.
1084 2514 1116 2546 p.
1139 2505 1159 2536 2
1187 2505 1209 2537 l.
1239 2515 1270 2545 p.
1293 2506 1335 2536 55
1356 2505 1431 2537 adn.
1455 2505 1506 2545 14,
1535 2505 1674 2538 Hermes

235 2557 368 2591 XXXII
390 2556 497 2600 (1897)
518 2556 591 2590 395.

345 2611 358 2630 ⁵
379 2610 428 2643 Cf.
450 2609 622 2643 Bloehinm
644 2609 680 2642 in
701 2609 860 2643 Roscheri
880 2610 943 2643 lex.
967 2619 991 2642 s.
1015 2619 1047 2643 v.
1069 2608 1220 2643 Palikcn.
