1990 2959
334 164 386 204 26
672 166 674 169 ’
930 164 1051 198 Ericus
1071 165 1191 198 Miiller

332 280 434 317 quae
453 279 587 308 amore
606 267 781 308 incitata
799 269 962 308 crudele
981 268 1113 318 patris
1132 269 1365 309 mandatum
1383 269 1578 321 neglexit,
1601 282 1628 311 a
1644 273 1779 321 patris

334 342 592 379 sororumque
629 330 784 370 ultione
812 330 1051 370 defenderet
1086 333 1130 371 et
1166 343 1253 371 cum
1291 342 1356 382 80,
1397 331 1510 371 0111118
1546 343 1681 374 amore
1717 339 1780 375 est

332 393 600 442 inflammata,
637 393 911 443 coniungeret.
982 393 1135 444 Magna
1175 397 1309 434 autem
1354 405 1443 434 cum
1488 395 1781 444 probabilitate

334 455 518 496 concludi
545 458 681 505 potest
707 456 907 496 Venerem
937 456 1059 496 etiam
1086 456 1344 497 renuntiasse
1371 456 1526 507 Lyncei
1554 460 1596 497 et
1621 457 1779 508 Hyper·

332 521 509 559 mestrae
537 518 724 569 coniugio
751 519 1001 569 praeclaram
1029 519 1273 570 Argivorum
1309 530 1449 570 regum
1486 520 1655 570 stirpem
1692 531 1782 561 esso

333 581 550 632 orituram,
586 581 631 621 id
677 583 781 631 quod
820 583 1085 623 Prometheus
1122 595 1276 632 quoque
1312 583 1421 633 Ioni,
1457 594 1480 623 e
1516 594 1596 632 qua
1631 583 1781 624 Danai-

334 645 426 684 dum
465 648 508 684 et
544 645 789 694 Argivorum
826 656 979 694 genera
1018 649 1137 684 erant
1172 648 1395 694 procreata,
1432 649 1495 685 est
1531 645 1780 686 vaticinatus

335 707 400 759 (cf.
428 719 553 758 supra
580 720 617 758 p.
648 708 722 759 17).
786 708 900 759 Quod
937 707 971 748 si
1009 707 1068 748 ita
1096 711 1170 757 est,
1206 705 1336 747 αἴτιον
1371 719 1511 759 regum
1540 707 1781 759 Argivorum
1843 698 1848 702 ’

335 771 500 810 rettulit
527 771 676 809 Venus.

439 832 518 873 Sed
546 833 649 882 quod
680 832 901 882 Aeschylus
942 832 1087 873 amoris
1113 834 1226 873 deam
1255 833 1490 885 introduxit,
1525 845 1629 883 quae
1657 833 1782 874 subli-

336 896 467 934 mibus
495 894 635 934 verbis
663 895 886 943 potentiam
914 906 1027 933 suam
1065 896 1276 934 celebrans
1304 897 1555 935 demonstrat
1580 895 1714 935 omnia
1738 897 1782 935 in

335 961 446 999 terra
473 960 515 998 et
543 957 586 997 in
614 957 725 998 caelo
753 969 887 998 amore
922 957 1154 1007 sanctisque
1183 957 1336 1007 nuptiis
1371 957 1578 1008 procreari
1615 961 1657 999 et
1692 969 1782 1008 pro-

337 1020 438 1068 duci,
467 1021 540 1059 hoc
568 1020 686 1069 plane
716 1031 766 1059 ex
793 1020 881 1059 ludi
900 1020 1007 1059 sacri
1034 1024 1182 1059 natura
1201 1020 1310 1069 fecit,
1338 1020 1486 1070 quippe
1514 1031 1591 1069 quo
1620 1021 1781 1060 deorum

335 1083 529 1124 maiestas
557 1083 795 1123 celebretur.
850 1083 989 1133 Neque
1012 1082 1273 1134 gravioribus
1301 1083 1488 1124 laudibus
1517 1084 1617 1124 haec
1645 1083 1780 1125 efferri

337 1150 484 1196 potest,
513 1157 632 1195 quam
660 1146 696 1185 si
726 1146 778 1185 ab
806 1146 905 1195 ipsis
933 1146 1019 1186 deis
1046 1146 1319 1195 praedicatur.

444 1209 530 1249 Iam
550 1209 602 1249 ad
626 1208 838 1249 nonnullas
857 1208 1092 1260 tragoedia-s
1112 1210 1359 1262 accedamus,
1387 1208 1533 1260 quibus
1561 1208 1783 1250 ΤΙ-010118

338 1285 423 1313 res
452 1276 632 1323 aguntur
660 1284 908 1321 quarumque
936 1277 1176 1322 argumenta
1214 1284 1264 1313 ex
1292 1273 1417 1323 epicis
1450 1272 1696 1313 carminibus
1732 1273 1785 1313 ad

337 1336 431 1376 illas
459 1334 756 1385 pertinentibus
776 1336 989 1385 desumpta
1017 1339 1122 1375 sunt.
1177 1335 1263 1376 Hoc
1281 1335 1323 1375 in
1342 1346 1506 1376 numero
1525 1338 1620 1375 sunt
1647 1335 1782 1386 Myr·

338 1399 592 1448 midones,
620 1397 894 1448 Nereides,
922 1399 1177 1449 Phryges,
1204 1399 1246 1438 in
1274 1399 1420 1448 quibus
1439 1398 1663 1449 Aeschylus
1686 1397 1782 1439 Ilia-

338 1464 439 1507 dem,
468 1465 508 1501 et
538 1462 804 1500 Armorum
842 1461 1093 1500 iudicium
1137 1466 1259 1510 atque
1296 1461 1701 1511 Psychostasia,
1740 1460 1783 1500 in

338 1524 495 1575 quibuS,
519 1527 567 1565 ut
594 1523 733 1564 statim
762 1523 997 1575 videbimus,
1025 1524 1177 1576 cyclica
1205 1519 1572 1565 carmina'secutus
1597 1526 1669 1565 est.

444 1599 504 1637 De
531 1597 964 1648 Myrmidonibus,
992 1598 1137 1647 quibus
1160 1598 1340 1638 Patrocli
1367 1602 1534 1638 mortem
1560 1608 1649 1638 esse
1677 1599 1784 1637 trac-

337 1666 465 1701 tatam
501 1661 731 1701 luculenter
775 1662 918 1701 docent
955 1660 1194 1711 fragmenta,
1232 1661 1543 1711 disputaverunt
1577 1660 1785 1701 Hermann

338 1736 468 1774 opusc.
498 1724 534 1763 V
564 1724 640 1764 136
651 1735 734 1773 sqq.
764 1728 806 1763 et
827 1724 1015 1764 Welcker
1033 1724 1130 1764 ,Tr-il.
1157 1737 1194 1774 p.
1212 1724 1291 1765 415
1301 1724 1418 1774 sqq.¹,
1445 1724 1513 1773 qui
1541 1723 1582 1764 in
1601 1723 1785 1774 plurimis

339 1788 462 1827 rebus
498 1786 756 1826 consentiunt
791 1778 853 1826 ita
889 1790 1045 1836 tamen,
1086 1790 1131 1826 ut
1170 1788 1376 1826 Hermann
1413 1787 1617 1836 complura
1660 1786 1785 1826 multo

340 1849 493 1889 rectius
528 1848 806 1898 explicaverit.
870 1849 948 1888 Hic
984 1848 1071 1889 iure
1108 1849 1319 1889 Thetidem
1353 1860 1507 1898 quoque
1541 1848 1584 1888 in
1619 1847 1785 1898 Myrmi-

341 1914 487 1952 donum
523 1911 601 1951 fiue
638 1910 910 1951 introduxisse
946 1911 1118 1952 videtur.
1187 1911 1368 1951 Achilles
1401 1912 1526 1961 enim,
1571 1914 1785 1961 postquam

342 1975 515 2015 amicum
534 1977 733 2014 mortuum
752 1974 912 2025 magnis
935 1985 1024 2014 cum
1042 1974 1401 2015 lamentationibus
1421 1973 1587 2015 deflevit
1615 1972 1680 2025 (fr.
1699 1973 1786 2015 135.

343 2039 429 2078 136.
451 2038 526 2078 138
537 2038 598 2089 N),
627 2037 886 2078 vivacissime
914 2037 1116 2078 exclamat
1135 2036 1283 2081 ὅπλων,
1312 2036 1449 2076 ὅπλων
1467 2036 1529 2076 δεῖ
1553 2037 1618 2088 (fr.
1637 2037 1714 2078 140
1723 2036 1787 2087 Ν),

341 2113 430 2141 cum
458 2112 581 2151 arma,
609 2112 714 2150 quae
741 2100 931 2140 Patroclo
958 2103 1098 2141 mutua
1123 2100 1246 2150 dedit,
1273 2100 1427 2141 Hector
1445 2099 1608 2151 ceperit,
1636 2110 1717 2149 qua
1743 2099 1787 2141 in

340 2177 385 2205 re
405 2164 649 2215 Aeschylum
669 2164 842 2205 Homero
862 2175 1070 2206 assensum
1090 2175 1177 2204 esse
1196 2164 1253 2215 (Π
1268 2165 1319 2204 64
1328 2176 1424 2214 sqq„
1444 2164 1521 2204 130
1529 2175 1626 2213 sqq..
1643 2167 1679 2203 P
1694 2163 1786 2215 125)

340 2229 414 2268 hoc
442 2228 528 2277 ipso
556 2226 784 2278 fragmento
812 2228 1126 2269 demonstratur.
1188 2226 1286 2267 Veri
1314 2225 1623 2267 dissimillimum
1651 2228 1787 2267 autem

341 2295 415 2336 est,
444 2290 548 2340 quod
577 2289 769 2330 Welcker
794 2289 962 2330 vocibus
988 2289 1072 2330 illis
1100 2289 1339 2332 exclamatis
1365 2288 1506 2330 statim
1532 2287 1786 2341 tragoediam

340 2353 496 2393 finitam
525 2364 613 2393 esse
641 2353 808 2402 censuit,
835 2364 924 2393 cum
952 2353 1135 2393 omnibus
1162 2353 1458 2403 spectatoribus
1486 2355 1598 2394 esset
1623 2351 1788 2393 notissi-

342 2427 448 2456 mum
485 2420 570 2455 tum
605 2415 815 2472 'rhetidem
856 2415 1104 2465 apparuisse,
1141 2427 1246 2465 quae
1280 2415 1407 2456 filium
1445 2416 1649 2456 consolata
1683 2425 1790 2456 nova

452 2500 461 2518 ¹
485 2500 664 2533 Praeterea
686 2499 904 2532 conferendus
926 2502 977 2532 est
999 2499 1038 2533 N.
1053 2499 1239 2541 Wecklein,
1261 2498 1319 2541 qui
1344 2499 1451 2533 denuo
1473 2499 1513 2532 de
1528 2497 1788 2540 Myrmidonibus

341 2552 538 2585 Nereidibus
559 2551 751 2592 Phrygibus
773 2551 844 2593 egit
870 2551 1109 2593 (Sitzunysber.
1133 2551 1163 2584 d.
1182 2551 1388 2584 Mtinchener
1402 2550 1519 2592 Akad„
1536 2548 1788 2592 philea-philol.

342 2614 374 2637 rn.
398 2603 475 2636 hist.
499 2603 624 2636 Klasse
648 2602 726 2635 1891
751 2613 781 2644 p.
803 2603 867 2635 327
877 2603 971 2645 81111).
