1990 2959
326 169 379 208 24
925 167 1044 200 Ericus
1065 167 1185 200 Muller

327 271 571 322 Aeschylum
598 270 808 320 scripsisse
834 270 984 310 scimus
1011 270 1138 322 (TGF
1159 282 1197 320 p.
1217 271 1267 310 74
1277 271 1359 323 sq.),
1387 271 1603 321 Sisyphum
1628 277 1775 324 Πετρο-

326 332 506 386 κυλιστήν
542 336 585 374 et
620 332 836 385 Sisyphum
864 334 1084 386 Δραπέτην,
1121 345 1144 375 e
1171 332 1318 384 quibus
1346 334 1556 387 Δραπέεην
1590 332 1771 376 fabulam

326 397 546 447 satyricam
574 396 701 437 fuisse
727 396 1046 447 fragmentorum
1082 408 1263 437 sermone
1289 397 1589 438 demonstratur
1602 397 1628 437 ¹.
1689 397 1775 438 Ita-

326 470 404 509 que
439 462 583 510 postea
620 460 670 500 de
706 460 784 500 hac
819 458 960 501 fabula
997 460 1196 511 agendum
1232 459 1331 510 erit,
1369 471 1457 500 cum
1493 460 1545 500 de
1580 459 1773 510 satyricis

325 522 479 563 fabulis
506 522 760 563 disseremus.
824 522 1109 574 Πετροκυλιστῇ
1146 527 1294 574 autem,
1331 522 1452 573 quale
1491 521 1618 563 fuerit
1652 533 1773 573 argu-

325 588 517 636 mentum,
543 588 655 626 certe
675 586 882 626 enucleari
907 597 987 626 non
1006 589 1150 636 potest,
1176 597 1269 626 nam
1288 585 1403 626 varia
1424 586 1475 626 de
1493 585 1569 625 hac
1594 596 1639 625 re
1665 585 1773 625 coni-

326 659 420 689 cere
446 647 548 689 licet
573 649 644 689 sed
670 648 791 699 plane
817 648 986 690 incerta.

433 712 483 752 In
510 711 843 752 Danaidibus
879 712 1078 752 Venerem
1115 723 1204 752 esse
1230 712 1501 752 introductam
1537 711 1773 752 Athenaeus

327 773 466 824 tradit,
493 784 581 814 cum
599 773 706 813 XIII
724 784 761 823 p.
781 773 914 824 60013,
941 773 988 813 fr.
1007 773 1107 813 44N
1133 774 1352 823 praebeat:
1378 772 1458 812 Καὶ
1485 771 1507 813 ὅ
1534 772 1777 824 σεμνότατος

327 834 365 874 δ’
374 833 573 884 Αἰσχύλος
599 833 640 874 ἓν
665 842 753 881 ταῖς
781 836 971 874 Δαναΐσιν
998 835 1117 887 αὐτὴν
1142 837 1317 887 παράγει
1351 836 1425 888 τὴν
1449 836 1686 888 Ἀφροδίτην
1711 836 1775 874 λέ-

324 908 492 947 γουσαν·

580 970 652 1022 ἐρᾷ
677 970 751 1020 μὲν
779 970 894 1021 ἁγνὸς
921 971 1085 1022 οὐρανὸς
1110 977 1261 1023 τρῶσαι
1286 971 1431 1019 χθόνα,

578 1030 681 1086 ἔρως
708 1031 752 1071 δὲ
778 1038 896 1085 γαῖαν
921 1032 1113 1085 λαμβάνει
1140 1034 1268 1085 γάμου
1294 1040 1438 1083 τυχεῖν,

579 1095 729 1148 ὄμβρος
757 1095 877 1135 δ’ἆπ’
905 1096 1112 1150 εὐνατῆρος
1139 1096 1307 1150 οὐρανοῦ
1325 1098 1460 1136 πεσὼν

578 1157 712 1199 ἔδευσε
739 1166 876 1212 γαῖαν·
907 1161 929 1212 ἢ
959 1159 1004 1199 δὲ
1029 1162 1200 1200 τίκτεται
1225 1163 1385 1213 βροτοῖς

579 1222 714 1275 μήλων
740 1236 782 1262 τε
808 1223 956 1274 βοσκὰς
981 1223 1048 1263 καὶ
1073 1225 1164 1274 βίον
1190 1224 1414 1277 Δημήτριον

580 1284 753 1337 δένδρων
780 1283 923 1338 ὀπώρα
952 1285 1042 1325 δ’ἐκ
1069 1285 1292 1335 νοτίζοντος
1317 1286 1460 1338 γάνους

579 1348 729 1395 τέλειός
756 1345 850 1388 ἐστι.
905 1347 1107 1400 τῶνδ’ἑγὼ
1135 1352 1360 1401 παραίτιος.

326 1432 464 1473 Venus
491 1432 621 1483 igitur
647 1435 831 1472 sanctam
859 1433 1006 1473 amoris
1033 1433 1256 1483 potentiam
1284 1432 1522 1483 praedicans
1550 1432 1593 1473 in
1617 1432 1773 1473 Danai-

328 1495 446 1536 dibus
480 1498 572 1536 erat
608 1495 853 1546 introducta,
888 1507 994 1545 quae
1031 1507 1106 1545 quo
1143 1496 1229 1537 loco
1259 1499 1332 1536 aut
1367 1495 1515 1546 quibus
1550 1497 1601 1536 de
1636 1495 1774 1536 causis

326 1558 577 1609 apparuerit,
604 1569 683 1598 non
710 1558 823 1608 prius
842 1558 921 1599 dici
949 1562 1082 1609 potest
1110 1570 1231 1609 quam
1248 1562 1377 1599 totum
1396 1558 1635 1609 tragoediae
1652 1570 1772 1610 argu-

325 1624 502 1661 mentum
552 1620 811 1671 inspeximus.
877 1621 970 1671 Ipso
1016 1624 1154 1662 autem
1204 1621 1327 1662 titulo
1376 1622 1678 1662 demonstratur
1721 1623 1773 1662 de

326 1683 555 1725 Danaidum
573 1683 716 1725 fabula
741 1683 784 1724 in
804 1684 878 1725 illa
905 1684 1121 1735 tragoedia
1139 1688 1272 1725 actum
1293 1696 1392 1735 esse,
1421 1696 1524 1735 qnae
1551 1696 1631 1725 non
1658 1685 1772 1725 modo

326 1758 352 1787 a
369 1747 676 1798 mythographis
697 1746 896 1798 (Apollod.
909 1747 954 1787 II
969 1748 1142 1799 12-24)
1161 1748 1233 1788 sed
1251 1747 1376 1787 etiam
1394 1748 1447 1788 ab
1466 1747 1553 1798 ipso
1573 1747 1773 1799 Aeschylo

326 1809 507 1849 traditur
542 1809 673 1849 Prom.
709 1809 787 1849 853
797 1821 884 1858 sqq.
947 1810 1036 1849 Hac
1072 1822 1122 1849 ex
1158 1809 1322 1860 fabula,
1358 1821 1440 1859 qua
1476 1810 1519 1850 in
1555 1811 1774 1850 tractanda

327 1871 555 1922 Aeschylus
591 1882 753 1911 carmen
790 1871 957 1921 epicum,
994 1872 1099 1920 quod
1135 1871 1373 1912 inscribitur
1411 1870 1574 1922 Danais,
1610 1874 1774 1912 secutus

327 1946 419 1976 esse
445 1934 610 1974 videtur
621 1932 649 1984 ²,
681 1933 804 1973 etiam
831 1933 1062 1983 Supplicum
1096 1937 1378 1984 argumentum
1413 1937 1477 1974 est
1512 1934 1774 1985 desumptum,

327 2008 446 2048 quam
479 1995 731 2047 tragoediam
775 1996 903 2036 eidem
940 1996 1130 2047 trilogiae
1175 1999 1299 2046 atque
1334 1996 1542 2038 Danaides
1577 1997 1772 2038 tributam

326 2059 452 2101 fuisse
478 2070 551 2110 pro
579 2062 690 2099 certo
717 2058 862 2099 haberi
888 2062 1021 2109 potest
1035 2058 1061 2099 ⁸.

433 2185 446 2205 ¹
468 2184 518 2218 Cf.
541 2185 581 2219 fr.
604 2183 668 2217 225
687 2183 810 2227 σκάφη,
832 2183 896 2216 226
917 2181 1142 2227 navamque,
1159 2184 1231 2217 227,

432 2238 447 2258 ¹
468 2238 593 2272 Kinltel
607 2237 785 2279 Epicorum
801 2237 999 2271 Graecorum
1014 2237 1230 2280 Fragmenta,
1245 2237 1378 2279 Lipsiae
1393 2236 1473 2270 1871
1489 2247 1521 2279 p.
1538 2237 1587 2271 78.
1617 2237 1774 2272 Welcker

328 2291 412 2325 Tra.
426 2300 459 2332 p.
474 2289 547 2324 390,
590 2289 631 2324 Ν.
646 2289 824 2324 Wecklein
842 2289 1067 2333 Simnqsber.
1089 2289 1150 2323 der
1161 2288 1369 2323 Manchane»-
1381 2289 1499 2332 Akaa„
1517 2289 1771 2332 philos-philol.

326 2354 359 2377 u.
382 2342 461 2376 hiet.
483 2342 606 2376 Klaoee
629 2341 712 2375 1893
733 2342 770 2376 11
790 2342 932 2384 3938qq.

434 2395 449 2414 ⁸
468 2395 601 2428 Primus
622 2395 684 2428 hoc
705 2394 795 2428 vidit
821 2395 862 2428 A.
884 2395 939 2428 W.
962 2405 994 2429 v.
1017 2395 1168 2437 Schlegel
1196 2386 1283 2428 I'J'ber
1309 2394 1535 2428 dramatische
1556 2395 1675 2428 Kunst
1699 2395 1774 2428 und

326 2447 532 2488 Litteratur,
562 2445 762 2489 Heidelberg
784 2446 865 2479 1817
894 2446 951 2479 Ba
971 2447 989 2479 I
1012 2447 1084 2490 158,
1114 2447 1171 2488 qui
1199 2447 1369 2490 trilogiam
1397 2456 1441 2480 ex
1462 2446 1642 2489 Aegyptiis
1669 2446 1772 2490 (TGF

325 2510 357 2541 p.
386 2499 430 2541 4),
460 2497 680 2540 Supplicibus,
707 2499 915 2532 Danaidibus
942 2499 1156 2540 compositam
1186 2509 1258 2533 esse
1287 2499 1413 2543 voluit,
1441 2509 1542 2541 quam
1570 2499 1772 2533 sententiam

324 2550 480 2593 probavit
490 2549 647 2585 Welcker
665 2549 746 2583 Tril.
757 2560 790 2591 p.
800 2550 865 2583 390
872 2561 942 2593 sqq.
954 2551 1091 2585 Rectius
1101 2554 1214 2585 autem
1225 2551 1397 2586 Hermann
1408 2561 1518 2594 opusc.
1529 2551 1617 2587 vm
1629 2550 1770 2592 480sqq.

326 2603 504 2645 Supplices,
530 2600 784 2645 θαλαμοποιούε
806 2602 905 2645 (TGF
926 2614 958 2645 p.
980 2603 1045 2646 26),
1067 2603 1235 2638 Danaides
1258 2604 1413 2647 trilogiae
1435 2604 1569 2639 vinculo
1590 2602 1772 2637 coniunxit.
