1990 2959
332 149 382 189 16
927 147 1044 181 Ericus
1066 148 1185 183 Miiller

329 252 570 292 ἀντίποιναι
608 259 680 291 τοῦ
717 250 867 291 ἐκείνου
904 252 1072 303 δεσμοῦ,
1106 254 1149 294 id
1186 255 1290 304 quod
1326 254 1450 295 etiam
1494 255 1646 296 clarius
1692 255 1773 296 alio

329 315 532 356 Athenaei
558 316 643 357 loco
671 315 765 367 (XV
793 328 830 366 p.
848 317 926 356 672
936 316 989 369 Ε)
1019 318 1329 368 demonstratur,
1354 328 1430 366 qno
1447 316 1636 368 legimus:
1663 316 1777 357 Ἱστο-

328 384 454 428 ρεῖται
481 409 492 418 .
519 406 528 415 .
559 407 570 416 .
595 406 605 415 .
636 407 644 415 .
673 379 869 417 θεσπίσαι
894 378 963 418 τὸν
990 379 1219 418 Ἀπόλλωνα
1250 379 1394 431 ποινὴν
1420 378 1562 426 αὐτοὺς
1587 383 1656 429 (sc.
1683 380 1778 426 τοὺς

329 441 481 493 Κᾶρας)
509 439 734 480 ἀποδοῦναι
769 448 817 493 τῇ
845 443 935 493 θεῷ
964 440 1017 481 δι’
1044 441 1194 482 ἑαυτῶν
1229 440 1408 481 ἑκούσιον
1433 441 1501 481 καὶ
1528 441 1652 495 χωρὶς
1687 440 1775 482 δυσ·

329 509 470 554 χεροῦς
511 510 731 556 συμφορᾶς,
769 506 817 556 ἢν
851 504 891 542 ἐν
925 511 1011 550 τοῖς
1046 503 1281 556 ἔμπροσθεν
1326 505 1481 555 χρόνοις
1515 505 1719 556 ἀφώρισεν
1754 503 1775 543 ὃ

328 565 428 614 Ζεὺς
455 572 511 618 τῷ
540 568 755 620 Προμηθεῖ
780 568 897 620 χάριν
923 572 992 620 τῆς
1009 567 1161 621 κλοπῆς
1187 574 1257 607 τοῦ
1284 566 1410 619 πυρὸς
1436 566 1559 615 λύσας
1586 565 1706 607 αὐτὸν
1733 564 1777 606 ἐκ

330 636 406 668 τῶν
432 629 724 678 χαλεπωτάτων
753 630 927 679 δεσμῶν·
955 632 1020 669 καὶ
1040 633 1145 670 τίσιν
1162 629 1340 670 ἑκούσιον
1359 629 1400 669 ἐν
1418 630 1571 683 ἀλυπίᾳ
1597 632 1778 683 κειμένην

330 691 467 731 δοῦναι
495 692 738 745 θελήσαντος
764 694 904 746 ταύτην
930 692 1032 741 ἔχειν
1057 691 1242 742 ἐπιτάξαι
1278 692 1348 733 τὸν
1377 695 1674 746 καθηγούμενον
1699 699 1777 732 τῶν

329 758 462 794 θεῶν·
500 755 600 794 ὅθεν
627 755 700 793 ἀπ)
729 753 876 794 ἐκείνου
904 755 974 795 τὸν
1001 755 1274 808 δεδηλωμένον
1311 757 1349 808 (i.
1375 769 1408 797 e.
1429 762 1497 808 τῆς
1522 756 1654 808 λύγου)
1693 759 1777 795 στέ-

331 831 458 869 φανον
483 824 539 868 τῷ
568 819 780 869 Προμηθεῖ
806 820 1093 869 περιγενέσθαι
1119 819 1185 856 καὶ
1211 818 1296 868 μετ’
1324 818 1371 856 οὐ
1398 818 1500 856 πολὺ
1523 824 1609 865 τοῖς
1626 817 1775 870 εὐεργε-

328 881 509 931 τηθεῖσιν
545 878 785 931 ἀνθρώποις
824 878 896 919 ὑπ’
942 880 1062 920 αὐτοῦ
1098 880 1199 920 κατὰ
1233 880 1304 933 τὴν
1339 887 1411 919 τοῦ
1447 879 1577 933 πυρὸς
1612 880 1775 932 δωρεάν.

328 942 484 993 Quibus
513 954 564 982 ex
593 943 795 983 Athenaei
828 943 929 984 locis
965 943 1238 984 coniciendum
1274 946 1338 984 est
1373 944 1416 983 in
1453 943 1590 984 Soluto
1617 944 1775 983 Prome·

328 1006 488 1056 theum‚
540 1017 629 1045 cum
675 1017 861 1046 coronam
906 1018 978 1056 pro
1023 1006 1184 1047 vinculo
1221 1006 1507 1056 assumpsisset
1551 1005 1616 1058 (cf.
1653 1005 1776 1047 etiam

328 1069 615 1118 Apollodorum
643 1069 687 1109 II
716 1069 818 1120 119),
855 1070 1166 1119 praenuntiasse
1202 1070 1381 1110 homines
1409 1081 1565 1119 quoque
1592 1069 1634 1110 in
1661 1080 1776 1110 sunm

328 1131 517 1171 honorem
545 1131 705 1171 vinculo
733 1132 802 1171 illo
830 1144 973 1172 usuros
1000 1144 1088 1172 esse
1124 1133 1148 1171 i.
1178 1144 1210 1172 e.
1247 1130 1377 1170 αἴτιον
1413 1132 1535 1172 moris
1570 1131 1775 1172 cuiusdam

329 1195 499 1235 dedisse.
554 1196 645 1234 Hac
664 1195 794 1245 igitur
813 1197 863 1235 de
882 1207 1026 1235 corona
1045 1196 1283 1236 Prometheo
1311 1196 1551 1244 imponenda
1577 1195 1620 1235 in
1638 1195 1776 1236 Soluto

329 1269 413 1297 rem
441 1257 566 1297 fuisse
595 1257 719 1297 etiam
757 1257 829 1297 alii
857 1257 935 1298 viri
962 1258 1081 1308 docti,
1109 1257 1178 1307 qui
1206 1259 1254 1297 de
1282 1258 1357 1297 hac
1384 1269 1429 1297 re
1456 1260 1636 1307 egerunt,
1663 1257 1777 1297 velut

330 1321 444 1370 Bapp
482 1323 526 1360 et
561 1320 770 1360 Duentzer
806 1321 1097 1360 concluserunt.
1160 1321 1291 1360 Valde
1327 1323 1461 1360 autem
1500 1320 1663 1360 dubium
1701 1323 1776 1369 est,

329 1394 423 1424 num
450 1386 561 1424 recte
588 1383 789 1423 censuerit
816 1383 1007 1424 Welcker
1041 1383 1203 1423 anulum
1241 1394 1396 1432 quoque
1424 1382 1599 1423 ferreum
1628 1394 1654 1422 a
1679 1383 1775 1422 Pro·

329 1447 486 1486 metheo
513 1446 622 1496 apud
641 1446 885 1496 Aeschylum
910 1446 1162 1487 vinculorum
1190 1446 1275 1487 loco
1299 1449 1483 1496 aptatum
1512 1457 1598 1486 esse
1634 1445 1776 1496 digito,

326 1521 448 1558 quam
476 1520 560 1549 rem
587 1510 695 1559 apud
713 1512 897 1560 posteros
924 1513 1065 1559 poetas
1093 1512 1136 1550 et
1164 1509 1382 1559 scriptores
1417 1509 1662 1550 invenimus:
1700 1508 1775 1550 Ca-

328 1571 473 1612 tullum
492 1573 553 1622 64,
573 1572 651 1611 294
661 1583 755 1622 sqq„
782 1572 959 1612 Plinium
977 1572 1070 1613 hist.
1089 1575 1173 1612 nat.
1188 1573 1239 1612 33
1258 1571 1281 1625 ξ
1297 1573 1321 1612 8
1341 1576 1383 1612 et
1400 1573 1451 1613 37
1471 1572 1494 1623 ξ
1514 1573 1538 1612 2
1553 1572 1775 1624 (Mayhoff),

328 1635 514 1675 Servium
543 1635 728 1675 Danielis
755 1637 807 1676 ad
827 1635 983 1685 Vergili
1012 1635 1173 1685 eclogae
1201 1636 1260 1676 VI
1286 1648 1322 1676 v.
1351 1637 1412 1685 42,
1440 1636 1646 1686 Hyginum
1675 1639 1774 1675 astr.

330 1698 373 1738 ΙΙ
402 1699 452 1739 15
466 1697 494 1736 ².

435 1762 642 1801 Habemus
669 1761 798 1811 igitur
816 1761 1032 1811 trilogiam,
1061 1761 1103 1801 in
1123 1773 1203 1810 qua
1226 1761 1358 1802 omnia
1376 1773 1448 1811 per
1475 1763 1569 1802 deos
1597 1764 1776 1812 aguntur

329 1828 372 1863 et
400 1835 480 1873 qua
515 1835 596 1863 non
631 1825 745 1864 modo
772 1823 1004 1863 Promethei
1041 1823 1234 1873 facinora,
1269 1835 1407 1874 poena,
1442 1824 1650 1864 restitutio
1688 1834 1776 1863 con-

331 1886 519 1926 tinentur
545 1888 617 1927 sed
654 1886 779 1926 etiam
816 1885 1054 1936 explicatur,
1091 1887 1282 1935 quomodo
1319 1886 1453 1936 prisca
1486 1886 1561 1926 illa
1595 1890 1777 1927 monstra

327 1949 444 1989 velut
472 1948 593 1989 Atlas
622 1952 665 1988 et
683 1949 826 1999 Typho
853 1948 1086 1998 ferocesque
1106 1948 1277 1989 Titanes
1301 1960 1326 1988 a
1353 1949 1467 1989 novis
1485 1951 1528 1988 et
1546 1948 1775 1989 melioribus

331 2012 395 2051 dis
422 2015 615 2060 superata
650 2015 694 2051 et
726 2011 812 2060 ipse
840 2012 1027 2060 Iuppiter
1063 2023 1085 2050 e
1122 2023 1245 2051 saevo
1272 2015 1446 2061 tyranno
1482 2012 1680 2061 benignus
1708 2013 1776 2052 de-

324 2086 443 2115 orum
481 2073 763 2124 hominumque
790 2078 910 2124 pater
944 2073 1077 2115 factus
1112 2073 1169 2114 sit
1181 2072 1208 2115 ⁸.
1272 2072 1359 2126 Quo
1395 2076 1631 2126 argumento
1668 2071 1776 2127 ἱερὸν

329 2138 448 2188 λόγον
474 2138 662 2188 praeberi
688 2140 870 2187 apparet,
897 2138 960 2177 ita
988 2141 1033 2177 ut
1054 2138 1097 2177 in
1116 2139 1193 2177 hac
1210 2138 1377 2188 trilogia
1403 2149 1481 2177 non
1508 2138 1638 2178 minus
1657 2149 1775 2187 quam

330 2200 372 2242 in
410 2200 703 2242 Eumenidibus
740 2200 1027 2252 intellegamus
1072 2200 1114 2241 in
1159 2200 1252 2242 ludo
1297 2212 1412 2242 sacro
1449 2201 1544 2242 deos
1580 2200 1775 2242 adhiberi.

318 2265 460 2305 -Soluti
488 2268 623 2306 autem
651 2265 780 2305 exitui
808 2264 936 2304 αἴτιον
971 2276 1207 2306 coronarum
1243 2265 1440 2306 insertum
1475 2264 1705 2306 invenimus
1732 2268 1777 2306 et

328 2327 547 2369 verisimile
584 2331 645 2369 est
686 2329 736 2369 de
771 2328 1098 2369 Prometheorum
1144 2339 1300 2378 quoque
1344 2327 1604 2369 institutione
1648 2329 1776 2370 verba

438 2433 449 2451 ¹
472 2433 546 2466 Vox
568 2431 744 2464 ἀντίποινα
766 2432 906 2466 iambico
935 2435 1039 2465 metro
1069 2431 1243 2473 aptissima
1271 2433 1411 2466 fortasse
1440 2433 1512 2473 ipso
1540 2433 1597 2466 illo
1619 2432 1777 2474 Aeschyli

332 2485 401 2518 loco
424 2484 595 2527 exstabat3
616 2494 694 2517 nam
715 2485 803 2518 idem
825 2484 1020 2519 vocabulum
1042 2484 1231 2518 invenimus
1251 2485 1349 2518 Eum.
1371 2484 1443 2527 268,
1464 2485 1554 2519 Pers.
1577 2485 1649 2519 476.

438 2538 451 2557 ²
474 2537 523 2571 Of.
545 2538 648 2571 etiam
671 2537 897 2571 Duentzerum
919 2538 941 2571 1.
963 2548 995 2578 p.
1020 2537 1057 2570 11
1082 2538 1102 2571 1.
1125 2548 1156 2579 p.
1180 2537 1252 2572 746.

438 2589 451 2608 ⁸
472 2590 512 2623 de
533 2590 760 2623 wi1am0witz
789 2581 952 2623 mersen.
979 2590 1111 2624 Griech.
1139 2591 1236 2633 Tray.
1259 2590 1297 2623 11
1317 2590 1369 2624 45.
