1990 2959
312 163 364 202 22
909 161 1026 196 Ericus
1047 162 1166 197 lfflller

312 269 404 308 dum
432 278 510 307 non
538 269 601 307 est
628 266 677 307 fr.
705 267 783 308 327
793 266 840 317 Ν,
868 267 975 316 quod
1002 267 1269 317 Aeschyleum
1298 278 1386 308 esse
1421 267 1602 309 traditur
1629 280 1758 318 neque

313 333 448 371 tamen
476 331 616 371 certae
643 329 808 371 fabulae
836 329 1051 371 tribuitur:

564 412 662 464 Πρὶν
688 413 737 451 ἂν
764 412 1007 465 σταλαγμοῖς
1032 411 1202 462 αἵματος
1228 412 1482 465 χοιροκτόνου

564 475 681 522 αὐτός
707 488 751 515 σε
778 475 900 528 χράνῃ
927 475 1025 522 Ζεὺς
1051 476 1298 524 καταστάξας
1322 481 1467 528 χεροῖν.

311 560 464 611 Agitur
490 560 556 601 his
574 559 725 611 verbis,
751 564 797 601 ut
815 560 904 611 ipse
922 560 1177 610 Eustathiua
1205 560 1341 610 quiea
1358 559 1550 611 servavit,
1569 562 1758 611 testatur,

311 623 362 663 de
387 623 472 664 ritu
508 622 776 664 lustrationis.
839 623 1051 664 Hominem
1087 623 1217 675 igitur
1253 623 1450 674 quendam
1487 634 1513 663 a
1539 623 1637 664 Iove
1672 622 1758 674 ipso

312 686 365 725 iri
393 686 602 735 expiatum
630 687 814 737 legimus,
842 698 979 727 verum
1009 686 1081 726 alii
1110 686 1269 727 cuidam
1296 686 1378 727 nisi
1406 685 1536 727 Ixioni
1564 687 1638 726 hoc
1666 697 1757 726 con-

311 748 458 800 tigisse
485 759 564 790 non
591 749 784 791 traditur.
838 749 1061 801 Propterea
1099 749 1150 790 ad
1176 748 1332 790 Ixionis
1368 748 1649 791 lustrationem
1684 748 1759 789 hoc

311 813 583 862 fragmentum
627 824 672 851 eo
722 812 853 861 magis
898 812 1052 851 referre
1093 812 1210 862 licet,
1250 814 1356 861 quod
1400 812 1487 861 ipse
1534 812 1758 861 Aeschylus

310 872 427 915 Eum.
455 874 531 914 717
542 885 600 924 sq.
628 884 718 914 eum
751 885 777 914 a
804 873 901 915 Iove
928 873 1146 914 lustratum
1183 883 1271 914 esse
1307 871 1445 913 refert.
1507 872 1588 914 Res
1623 875 1758 915 autem

311 938 364 975 ad
392 936 570 976 Ixionem
590 937 844 986 pertinentes
867 937 1016 986 optime
1036 936 1235 977 Diodorus
1264 936 1421 976 Siculus
1448 936 1509 976 IV
1527 937 1578 976 69
1600 936 1758 987 (Vogel)

310 999 521 1040 renuntiat
548 999 673 1051 (TGF
702 1012 738 1050 p.
767 1000 844 1051 29).
907 999 984 1040 Ille
1012 999 1127 1050 enim,
1164 1010 1292 1050 quem,
1333 1011 1422 1040 cum
1449 998 1669 1040 Deioneum
1696 1010 1757 1040 so-

310 1073 444 1101 cerum
472 1073 546 1111 per
572 1063 706 1102 dolum
733 1065 931 1111 necasset,
958 1073 1073 1102 nemo
1100 1062 1231 1102 voluit
1254 1062 1430 1112 expiare,
1467 1063 1520 1102 ab
1546 1062 1635 1112 ipso
1661 1063 1758 1102 Iove

309 1124 511 1166 lustratus
530 1127 615 1165 tam
634 1123 843 1176 ingratum
867 1136 912 1165 se
930 1123 1132 1176 praebuit,
1160 1127 1207 1165 ut
1223 1125 1394 1166 scelesto
1412 1136 1548 1166 amore
1565 1125 1758 1165 Iunonem

310 1191 632 1237 persequeretur.
688 1189 789 1228 Tum
826 1188 1014 1238 Iuppiter
1040 1188 1244 1227 nefastum
1271 1188 1470 1228 hominem
1505 1187 1548 1227 in
1576 1187 1679 1228 Orco
1706 1188 1759 1227 ad

311 1252 442 1290 rotam
470 1249 672 1301 alligavit,
700 1262 802 1300 quae
831 1250 1039 1291 celerrime
1059 1251 1335 1301 torquebatur.
1387 1249 1583 1291 Versibus
1611 1253 1758 1300 autem,

312 1324 411 1360 quos
437 1314 553 1353 modo
581 1313 704 1352 attuli
732 1325 910 1362 quosque
938 1325 988 1352 ex
1024 1313 1091 1352 dei
1124 1313 1294 1352 alicuius
1322 1315 1396 1352 aut
1429 1313 1539 1352 vatis
1573 1313 1758 1352 oratione

311 1377 386 1415 aut
421 1386 472 1416 ex
499 1375 662 1416 oraculo
700 1376 932 1426 desumptos
971 1386 1059 1416 esse
1095 1377 1276 1426 apparet,
1313 1377 1423 1416 certe
1460 1375 1759 1416 demonstratur

310 1438 554 1487 Aeschylum
604 1438 717 1487 prius
766 1438 868 1477 illud
913 1438 1068 1478 Ixionis
1114 1437 1319 1478 homicidii
1370 1438 1502 1478 scelus
1542 1441 1755 1477 tractasse.

312 1499 448 1549 Atque
476 1511 565 1541 cum
593 1499 727 1550 specie
754 1501 928 1551 quadam
956 1499 1042 1542 veri
1066 1500 1307 1542 contendere
1333 1499 1430 1541 licet
1458 1511 1559 1552 eum,
1585 1498 1656 1551 qui
1682 1498 1755 1540 tri-

310 1562 441 1611 logias
469 1563 764 1612 conscripserit,
792 1564 966 1603 alterum
1000 1565 1132 1603 scelus
1158 1575 1418 1613 poenamque,
1445 1574 1527 1612 qua
1553 1563 1660 1612 apud
1696 1562 1757 1601 in-

310 1623 417 1665 feros
445 1624 591 1675 impius
627 1625 697 1666 ille
724 1624 894 1666 affectus
931 1627 1004 1675 est,
1040 1636 1120 1666 non
1156 1624 1395 1677 neglexisse.
1457 1623 1594 1665 Conici
1628 1623 1758 1675 igitur

311 1690 446 1737 potest
473 1688 514 1728 in
542 1689 698 1729 duabus
726 1688 948 1739 tragoediis
975 1689 1166 1739 trilogiae
1193 1689 1355 1730 vinculo
1383 1687 1545 1738 conexis
1582 1688 1659 1728 duo
1685 1686 1757 1728 illa

310 1749 465 1791 Ixionis
492 1750 647 1792 scelera
674 1751 854 1792 infuisse.
908 1752 1010 1792 Nam
1031 1751 1275 1803 Aeschylum
1302 1751 1373 1792 uni
1391 1750 1630 1802 tragoediae
1655 1751 1757 1791 duas

312 1825 379 1854 res
405 1813 591 1855 diversas
627 1814 847 1854 inseruisse
884 1814 990 1854 omni
1018 1817 1132 1854 caret
1158 1814 1249 1854 veri
1285 1814 1430 1865 specie,
1467 1825 1555 1853 cum
1592 1824 1680 1853 enm
1713 1813 1757 1853 in

312 1876 496 1916 omnibus
516 1876 771 1926 argumentis.
791 1875 1022 1926 simplicem⁴
1036 1875 1295 1926 componendi
1309 1876 1504 1916 rationem
1525 1875 1757 1915 adhibuisse

313 1945 354 1979 et
379 1937 542 1980 fabulae
571 1938 704 1979 adhuc
732 1941 940 1980 exstantes
960 1941 1001 1979 et
1020 1941 1204 1979 veterum
1223 1937 1457 1979 testimonia
1470 1938 1484 1961 ¹
1513 1937 1757 1978 confirment.

313 2001 458 2040 Altera
485 2003 621 2040 autem
652 2002 833 2050 duarum,
861 2011 961 2050 quas
980 2002 1093 2040 modo
1121 2001 1526 2046 commemoravimus,
1552 1999 1756 2050 tragoedi-

309 2075 424 2104 arum
453 2063 605 2104 Ixion
633 2063 759 2114 (TGF
785 2076 821 2113 p.
845 2064 897 2104 29
912 2063 984 2115 sq.)
1010 2062 1100 2114 fuit,
1127 2062 1169 2103 id
1202 2063 1308 2113 quod
1334 2062 1420 2114 ipso
1447 2063 1568 2104 titulo
1595 2063 1756 2104 demon-

308 2128 476 2175 stratur,
504 2126 685 2175 alteram,
709 2137 814 2175 quae
840 2126 884 2165 in
912 2125 1079 2176 trilogia
1105 2125 1241 2175 priore
1265 2126 1352 2166 loco
1377 2126 1571 2165 exstabat
1598 2135 1757 2175 quaque

310 2189 360 2229 de
395 2192 525 2229 morte
562 2188 730 2230 Deionei
767 2189 988 2241 agebatur,
1025 2187 1418 2230 Perrhaebides
1454 2186 1580 2239 (TGF
1614 2196 1653 2239 p.
1689 2187 1756 2240 61)

309 2251 436 2292 fuisse
464 2251 634 2293 Carolus
662 2251 707 2293 O.
735 2252 907 2293 Mueller
933 2251 1092 2293 censuit
1104 2250 1130 2303 ²,
1158 2251 1223 2292 cui
1260 2250 1416 2292 assensi
1441 2254 1538 2292 suut
1565 2250 1756 2291 Welcker

310 2318 354 2354 et
371 2316 591 2365 Hermann,
619 2326 784 2364 quorum
805 2315 870 2354 hic
888 2314 1173 2365 fragmentum,
1192 2326 1218 2355 a
1237 2326 1313 2365 quo
1330 2313 1492 2356 initium
1520 2313 1756 2365 disputandi

310 2376 488 2426 fecimus,
515 2377 856 2418 Perrhaebidibus
881 2377 1040 2418 tribuit.
1095 2377 1216 2418 Certe
1250 2379 1386 2418 autem
1413 2377 1488 2418 hoc
1520 2376 1650 2417 statui
1675 2387 1756 2418 non

310 2441 457 2489 potest,
483 2449 572 2479 cum
599 2450 650 2479 ex
677 2439 994 2480 Perrhaebidum
1022 2438 1265 2490 fragmentis
1301 2439 1402 2480 nihil
1440 2439 1518 2480 hac
1545 2439 1597 2480 de
1622 2450 1668 2479 re
1695 2437 1755 2480 di-

421 2543 429 2560 ¹
451 2542 502 2575 cf.
526 2541 632 2577 vitam
654 2542 812 2585 Aeschyli
834 2543 925 2585 apud
946 2543 1123 2577 Westerm.
1146 2543 1259 2587 Biogr.
1282 2552 1313 2586 p.
1338 2542 1408 2584 118,
1431 2542 1473 2575 27
1481 2552 1552 2585 sqq.
1571 2578 1579 2586 Ι

418 2594 432 2613 ²
458 2593 688 2638 Gottinqischo
706 2594 851 2638 gelehrte
872 2595 1040 2639 Anzeiyen
1064 2595 1145 2628 1827
1168 2605 1201 2637 p.
1223 2594 1342 2637 67qu.
1485 2609 1489 2612 *
