1990 2959
410 165 462 205 44
1007 164 1125 198 Ericus
1146 164 1265 198 Mulier

402 281 481 310 non
499 270 734 319 praebeant.
789 269 893 309 Nam
912 280 1001 309 cnm
1020 269 1282 310 Pithetaerus
1314 269 1449 310 dicere
1470 269 1572 310 velit
1590 282 1634 311 se
1650 271 1759 313 Iovis
1785 274 1852 313 do-

402 343 507 372 mum
526 343 617 372 esse
634 331 901 383 incensurum,
921 331 1156 382 Amphionis
1170 332 1309 372 domus
1324 331 1483 372 omnino
1502 332 1599 372 addi
1613 344 1691 373 non
1705 335 1850 386 potnit,

401 395 484 435 nisi
502 394 713 435 consilium
732 395 874 436 subest
890 395 933 435 in
946 395 1072 435 risum
1086 393 1272 436 vertendi
1287 406 1448 436 versum
1462 394 1610 444 tragici
1631 395 1850 448 cuiusdam,

402 468 520 506 quem
535 457 736 507 tragicum
752 457 996 507 Aeschylum
1014 456 1140 497 fuisse
1153 457 1316 497 scholiis
1331 458 1517 497 docemur
1530 457 1556 497 ¹.
1583 457 1760 497 Dubium
1779 469 1851 498 au-

402 523 485 559 tem
500 522 574 569 est,
588 531 683 559 num
699 519 822 560 etiam
837 519 966 559 forma
979 518 1277 558 καταιθαλώσω
1291 531 1340 560 ex
1351 519 1551 570 Aeschylo
1565 519 1621 559 sit
1634 523 1853 572 assumpta,

401 583 507 632 quod
525 582 561 622 si
580 582 670 631 quis
689 583 910 633 existimet,
937 583 973 623 is
991 583 1129 623 Iovem
1148 583 1190 622 in
1210 583 1341 623 Nioba
1359 582 1634 623 introductum
1653 593 1740 623 esse
1759 594 1850 623 cen-

402 645 521 686 sebit.
549 644 639 697 Sed,
654 657 742 686 cum
757 645 960 695 loquentis
976 657 1146 696 persona
1164 645 1207 686 in
1221 645 1390 696 parodia
1408 644 1644 686 commutari
1662 645 1853 697 potuerit,

403 709 612 749 dummodo
661 709 828 758 propria
882 710 1096 749 verborum
1143 708 1371 749 coniunctio
1419 712 1673 758 servaretur,
1726 708 1850 749 etiam

403 771 702 809 καταιθαλώσω
729 772 836 820 apud
858 770 1103 820 Aeschylum
1132 774 1297 811 exstare
1324 771 1467 821 potuit.
1521 771 1611 810 Hac
1637 770 1853 822 scriptura,

401 834 443 873 in
472 846 590 883 quam
615 835 820 874 Hermann
846 834 1027 884 inclinat,
1055 834 1240 874 adhibita
1262 838 1335 874 aut
1361 846 1387 874 a
1404 836 1478 874 deo
1498 834 1633 883 aliquo
1662 839 1735 875 aut
1761 845 1849 874 ora-

402 896 483 936 culi
510 896 643 937 instar
670 897 810 947 verba,
846 898 896 937 de
929 897 1075 946 quibus
1111 897 1260 947 agitur,
1295 896 1468 947 proferri
1503 899 1733 947 potuerunt.
1789 896 1851 937 Ex

402 959 691 1008 Aristophanis
727 959 857 1009 igitur
884 960 969 999 loco
1002 971 1078 999 non
1117 971 1355 1008 cognoscere
1390 961 1536 1000 nedum
1573 961 1850 1000 demonstrare

401 1022 499 1062 licet
525 1024 653 1063 verba
678 1022 753 1062 illa
781 1035 806 1062 a
833 1023 906 1062 deo
935 1023 1043 1071 apud
1072 1022 1316 1072 Aeschylum
1343 1033 1431 1062 esse
1458 1021 1582 1062 facta.

508 1096 716 1136 Interdum
745 1096 868 1136 etiam
908 1096 951 1136 in
978 1095 1237 1146 satyricis
1264 1096 1519 1147 Aeschyli
1555 1095 1756 1136 fabulis
1785 1095 1849 1136 dei

403 1160 656 1208 apparebant
698 1159 810 1200 velut
844 1159 886 1198 in
914 1159 1226 1199 Prometheo
1253 1163 1480 1210 Πυρκαεῖ
1505 1158 1570 1205 (cf.
1599 1170 1722 1208 supra
1740 1171 1778 1208 p.
1796 1159 1850 1210 9),

404 1223 594 1261 Proteo
624 1222 880 1271 satyrico,
905 1221 1283 1271 Phorcidibus,
1313 1224 1358 1261 ut
1384 1221 1464 1270 ipsi
1481 1221 1707 1261 fabularum
1736 1221 1849 1260 tituli

403 1285 557 1324 docent.
619 1285 668 1323 In
705 1284 927 1334 Sisypho
966 1285 1204 1334 Δραπέτῃ
1240 1283 1305 1334 (cf.
1342 1295 1463 1332 supra
1498 1296 1535 1332 p.
1573 1283 1638 1334 24)
1676 1283 1850 1323 fortasse

403 1346 629 1386 Mercurius
656 1346 909 1386 introductus
937 1350 1009 1396 est,
1037 1358 1061 1385 a
1088 1357 1164 1394 quo
1194 1345 1316 1396 illum,
1344 1357 1431 1385 cum
1460 1357 1510 1385 ex
1537 1345 1638 1385 Orco
1666 1339 1851 1395 redisset,

404 1410 533 1448 denno
569 1410 620 1448 ad
658 1409 808 1448 inferos
845 1410 1057 1457 abreptum
1095 1419 1183 1448 esse
1215 1408 1363 1448 scholio
1400 1408 1513 1447 Pind.
1550 1408 1705 1457 Olymp.
1740 1408 1760 1447 Ι
1797 1409 1850 1447 97

402 1470 572 1523 (Boekh)
591 1470 781 1511 traditur.
835 1471 974 1520 Neque
993 1483 1017 1510 a
1035 1470 1228 1521 satyricis
1246 1470 1398 1511 fabulis
1418 1470 1485 1511 dei
1504 1470 1735 1521 abhorrent,
1758 1482 1847 1510 cum

401 1534 496 1573 inde
524 1534 576 1573 ab
603 1534 721 1573 initio
749 1534 837 1583 ipse
864 1534 991 1573 Liber
1018 1537 1245 1584 satyrorum
1274 1534 1392 1573 choro
1420 1537 1529 1574 esset
1557 1533 1848 1583 circumdatu83

401 1599 545 1646 postea
574 1600 720 1647 autem,
748 1608 836 1636 cum
860 1600 1101 1647 argumenta
1128 1595 1394 1647 satyricarum
1413 1595 1642 1637 fabularum
1661 1595 1851 1636 similiter

401 1672 449 1700 ac
476 1660 777 1709 tragoediarum
803 1660 933 1710 magis
969 1660 1179 1710 magisque
1216 1659 1513 1700 diversissimas
1548 1659 1710 1699 fabulas
1746 1671 1848 1699 com·

402 1723 651 1771 prehendere
699 1722 945 1772 coepissent,
996 1722 1118 1762 etiam
1166 1721 1266 1762 alios
1311 1725 1475 1772 praeter
1515 1722 1707 1762 Liberum
1752 1723 1850 1761 deos

404 1796 603 1834 apparere
630 1784 722 1833 ipsa
748 1797 814 1824 res
842 1785 1013 1824 ferebat.

510 1846 736 1896 Satyricam
782 1846 963 1886 fabulam
999 1846 1223 1884 Γλαῦκον
1269 1858 1426 1896 quoque
1463 1845 1683 1884 Πόντιον
1719 1845 1849 1886 fuisse

404 1909 611 1948 Hermann
658 1909 954 1949 demonstravit
981 1920 1113 1958 opusc.
1146 1909 1189 1948 II
1217 1909 1268 1948 59
1283 1912 1307 1948 ².
1360 1908 1568 1949 Welckeri
1596 1911 1730 1948 autem
1758 1919 1845 1948 sen-

403 1970 549 2021 tentia,
577 1970 646 2019 qui
672 1971 746 2011 hoc
774 1972 914 2010 drama
942 1971 1106 2010 tertiam
1132 1970 1349 2010 Persarum
1381 1970 1570 2020 trilogiae
1597 1970 1848 2021 tragoediam

402 2033 530 2074 fuisse
549 2034 717 2083 censuit,
742 2033 783 2072 in
803 2045 882 2082 qua
901 2033 1080 2073 Glaucus
1098 2033 1314 2073 victoriam
1333 2034 1442 2082 apud
1463 2033 1665 2073 Himeram
1688 2036 1847 2082 partam

401 2096 690 2147 renuntiasset,
717 2107 796 2136 non
819 2097 932 2136 modo
961 2098 1070 2136 certo
1089 2098 1325 2146 argumento
1353 2094 1579 2135 confirmari
1606 2106 1685 2135 non
1713 2098 1848 2145 potest

401 2161 474 2200 sed
503 2159 627 2200 etiam
655 2163 796 2200 contra
823 2159 1039 2200 Persarum
1067 2158 1310 2210 hypothesin
1338 2161 1504 2210 pugnat,
1530 2169 1609 2208 qua
1631 2169 1710 2199 non
1729 2157 1849 2197 Γλαῦ-

401 2236 470 2269 κος
496 2222 666 2269 Πόντιος
700 2225 771 2263 sed
804 2222 977 2269 Γλαῦκος
1004 2223 1191 2269 Ποτνιεύς
1224 2225 1272 2262 ut
1307 2222 1434 2262 tertia
1469 2221 1611 2262 fabula
1646 2221 1848 2262 laudatur.

402 2286 608 2335 Suspicati
634 2286 764 2336 igitur
789 2290 885 2327 sunt
912 2286 992 2327 viri
1028 2285 1137 2326 docti
1165 2286 1408 2336 Aeschylum
1444 2285 1486 2324 in
1514 2285 1668 2325 Glauco
1703 2285 1848 2325 Pontio

510 2392 521 2411 ¹
543 2392 593 2424 De
621 2392 872 2433 interpretando
901 2391 1134 2432 Aristophanis
1169 2392 1239 2424 loco
1269 2392 1321 2433 cf„
1351 2400 1436 2431 quae
1472 2389 1661 2423 Theodorus
1690 2389 1783 2422 Kock
1811 2389 1847 2422 in

401 2443 548 2477 editione
570 2444 695 2478 Avium
718 2444 851 2486 (Berlin
874 2444 968 2486 1894)
991 2443 1167 2478 adnotavit
1188 2443 1231 2476 ad
1252 2453 1386 2477 versum
1410 2442 1501 2476 1247.

509 2497 522 2516 ²
545 2496 594 2529 Cf.
617 2497 780 2538 imprimis
801 2497 840 2530 fr.
863 2497 904 2529 26
913 2496 954 2538 N,
982 2497 1069 2538 quod
1097 2496 1232 2530 fabulae
1254 2496 1420 2537 satyricae
1449 2504 1632 2529 sermonem
1662 2495 1847 2528 luculenter

400 2549 547 2590 praebet.
598 2549 712 2590 Neque
742 2549 910 2588 habemus,
941 2559 999 2581 cur
1028 2558 1102 2581 cum
1125 2548 1293 2582 Dindorfio
1323 2551 1356 2581 et
1384 2547 1535 2581 Nauckio
1563 2548 1645 2580 haec
1674 2547 1776 2581 verba
1805 2545 1847 2578 ab

401 2601 565 2644 Aeschylo
588 2601 824 2636 abiudicemus.
