1990 2959
476 150 526 183 De
549 149 746 183 Graecorum
769 149 904 183 deorum
926 149 1077 191 partibus
1099 148 1292 190 Aeschyleis
1558 149 1609 188 29

168 254 340 296 Achillis
353 254 570 294 tentorium
591 254 723 303 abeat,
742 253 783 293 in
802 252 1035 304 Phrygibus
1049 252 1203 293 Priami
1222 254 1439 293 adventum
1460 251 1609 292 Achilli

167 316 393 369 renuntiet,
430 316 620 357 Welcker
655 316 864 356 contendit
903 315 998 356 Tril.
1043 327 1080 365 p.
1116 316 1195 355 424
1204 327 1262 364 sq.
1335 314 1422 366 Quo
1458 315 1609 355 reiecto

167 380 374 420 Hermann
401 390 534 429 opusc.
561 379 598 419 V
618 379 694 419 157
703 390 761 428 sq.
789 378 1034 418 Mercurium
1064 379 1173 427 apud
1197 377 1439 428 Aeschylum
1458 376 1609 416 Achilli

167 442 389 493 imperasse
416 442 584 493 iudicat,
620 453 671 482 ne
706 441 789 483 vim
825 440 977 482 inferat
1012 440 1100 481 seni
1137 442 1207 481 sed
1234 439 1424 481 Hectoris
1464 451 1607 489 corpus

167 506 322 556 reddat,
350 516 427 555 quo
445 516 608 546 munere
626 505 669 544 in
687 504 820 545 Iliade
838 503 980 544 Thetis
998 503 1184 554 fungitur
1210 507 1245 541 9
1261 504 1313 544 64
1322 515 1408 552 sqq.
1461 502 1609 542 Melius

168 570 303 609 autem
347 567 445 609 mihi
483 568 648 609 videtur
685 569 786 609 duas
821 566 999 609 virorum
1046 568 1252 607 doctorum
1293 565 1520 607 sententias
1560 577 1607 606 eo

167 631 418 682 coniungere,
446 635 493 671 ut
520 643 751 682 censeamus
777 630 1019 671 Mercurium
1049 633 1092 670 et
1118 629 1272 670 Priami
1299 630 1518 670 adventum
1545 641 1606 669 re-

167 693 374 734 nuntiasse
409 695 485 745 vel,
521 698 566 734 ut
594 693 844 734 Weckleinio
879 694 903 734 l.
931 693 957 734 1.
993 705 1028 744 p.
1055 693 1134 734 358
1144 704 1227 743 sqq.
1261 692 1435 737 videtur,
1475 691 1607 742 ipsum

168 755 373 796 Priamum
401 768 488 797 cum
516 757 727 797 comitibus
762 757 802 796 in
831 757 1051 797 tentorium
1080 757 1244 797 duxisse
1280 760 1324 796 et
1346 755 1456 796 Iovis
1492 755 1607 795 iussu

168 818 293 858 verba
311 819 393 869 illa,
423 820 472 858 de
491 818 634 868 quibus
651 819 856 859 Hermann
875 818 1083 869 cogitavit,
1110 818 1296 859 edixisse.
1342 818 1480 868 Neque
1499 817 1604 857 enim

168 880 382 931 habemus,
423 892 494 921 cur
531 880 573 921 in
613 881 846 932 Phrygibus
888 881 1094 921 Priamum
1134 893 1212 922 non
1249 893 1274 921 a
1310 880 1510 921 Mercurio
1551 880 1605 920 ad

168 944 353 983 Achaeos
371 945 582 983 deductum
604 955 689 983 esse
708 955 952 994 censeamus,
980 947 1022 984 et
1049 944 1084 984 si
1111 945 1219 993 apud
1237 944 1480 995 Aeschylum
1508 945 1605 982 deus

169 1005 250 1056 ille,
278 1017 366 1046 cum
394 1005 551 1046 comitis
578 1017 741 1046 munere
768 1005 1005 1056 perfunctus
1041 1011 1160 1060 esset,
1196 1018 1275 1047 non
1308 1009 1357 1046 ut
1389 1006 1496 1056 apud
1523 1005 1605 1045 Ho—

168 1079 321 1108 merum
340 1068 527 1108 discessit
554 1069 625 1108 sed
653 1080 742 1108 cum
760 1069 848 1117 ipso
867 1068 1025 1109 Achille
1052 1070 1180 1109 verba
1198 1069 1306 1118 fecit,
1332 1068 1405 1108 vix
1423 1070 1472 1108 de
1492 1071 1606 1108 certa

169 1131 331 1170 deorum
359 1130 573 1170 volunt-ate
600 1132 737 1170 tacere
763 1130 907 1180 potuit.

273 1203 360 1243 Has
386 1203 429 1243 in
455 1204 691 1254 tragoedias
722 1205 775 1244 ad
803 1203 956 1253 epicum
985 1204 1191 1254 exemplar
1218 1204 1457 1253 compositas
1484 1203 1607 1243 etiam
1648 1204 1651 1206 ’

168 1265 234 1305 dei
261 1277 312 1305 ex
340 1265 465 1314 epicis
494 1266 737 1306 carminibus
764 1266 957 1306 translati
995 1269 1110 1306 sunt:
1144 1266 1369 1314 Thetidem‚
1405 1266 1609 1315 Nereides,

169 1328 412 1368 Mercurium
439 1327 534 1368 inde
568 1327 786 1379 assumpsit
821 1328 1057 1380 Aeschylus,
1093 1328 1183 1379 etsi,
1219 1332 1266 1369 ut
1299 1329 1412 1369 modo
1448 1329 1608 1369 demon·

168 1391 406 1441 stravimus,
443 1403 530 1431 cum
566 1391 610 1431 in
646 1392 876 1442 Phrygibus
910 1396 996 1432 tum
1032 1393 1075 1431 in
1111 1392 1350 1432 Nereidibus
1386 1391 1496 1441 ipsas
1543 1403 1608 1431 res

167 1454 286 1504 paulo
315 1453 437 1494 aliter
464 1457 586 1503 atque
613 1455 811 1495 Homerus
841 1454 1083 1504 disposuisse
1110 1454 1285 1495 videtur.

273 1527 415 1567 Thetis
442 1527 484 1567 in
512 1530 776 1568 Armorum
800 1528 1001 1568 iudicio
1035 1539 1188 1577 quoque
1216 1527 1419 1578 apparuit,
1447 1539 1534 1568 cum
1563 1527 1605 1568 in

166 1591 318 1630 scholio
345 1591 470 1630 Arist.
499 1591 672 1631 Acharn.
699 1591 787 1640 883,
825 1591 874 1630 fr.
903 1591 1024 1630 174N
1050 1592 1250 1641 legamus:
1287 1591 1330 1629 ‘0
1356 1592 1492 1639 στίχος
1521 1589 1605 1628 ἀπὸ

171 1651 368 1704 δράματος
402 1651 600 1702 Αἰσχύλου
628 1651 763 1691 ὅπλων
798 1653 964 1706 κρίσεως
1001 1650 1333 1706 ἐπιγραφομένου,
1369 1651 1411 1692 ἐν
1446 1649 1478 1705 ᾧ
1515 1650 1603 1692 ἐπι-

170 1715 345 1754 καλεῖται
380 1716 452 1762 reg
480 1715 682 1768 Νηρηίδας
719 1731 779 1762 τις
813 1714 1054 1764 ἐξελθούσας
1087 1722 1216 1767 κρῖναι
1252 1716 1353 1766 πρὸς
1389 1716 1457 1767 τὴν
1495 1718 1607 1754 Θέτιν

167 1777 309 1829 λέγων*
347 1776 537 1817 δέσποινα
568 1779 809 1830 πεντήκοντα
842 1777 1036 1831 Νηρῄδων
1070 1785 1202 1831 κορᾶν.
1264 1779 1354 1819 Hac
1390 1790 1440 1819 ex
1467 1778 1606 1820 fabula

167 1841 289 1881 etiam
326 1853 477 1892 versus,
515 1854 613 1890 quos
649 1842 767 1882 Plato
804 1844 854 1881 de
889 1853 935 1882 re
968 1842 1075 1891 publ.
1102 1842 1146 1881 II
1173 1854 1209 1891 p.
1237 1843 1315 1882 383
1324 1842 1370 1891 B,
1406 1842 1454 1882 fr.
1481 1842 1605 1882 350N

166 1903 353 1944 servavit
381 1903 606 1953 quibusque
625 1904 768 1944 Thetis
795 1904 921 1944 filium
949 1905 1002 1944 ab
1019 1904 1215 1954 Apolline,
1243 1904 1311 1954 qui
1338 1903 1425 1954 ipse
1451 1903 1608 1954 nuptiis

167 1965 252 2006 suis
278 1966 531 2006 interfuisset
566 1967 889 2016 carminibusque
922 1968 1395 2022 cenantesdelectasset,
1421 1971 1606 2007 necatum

167 2038 255 2068 esse
281 2028 475 2079 queritur,
511 2029 741 2079 desumptos
778 2039 865 2069 esse
902 2028 1120 2069 Ernestum
1159 2029 1357 2079 quendam
1385 2027 1607 2069 Schneider

167 2094 329 2131 secutus
355 2091 562 2131 Hermann
599 2092 773 2132 fortasse
808 2095 919 2132 recte
946 2092 1152 2169 contendit
1189 2093 1336 2142 (opusc.
1365 2091 1445 2130 VH
1472 2092 1563 2141 364)
1580 2091 1605 2130 ¹.

273 2218 284 2236 ¹
308 2217 516 2250 Contradixit
530 2217 607 2249 huic
621 2216 806 2249 sententiae
822 2216 861 2248 A.
876 2216 1077 2250 Baumstark
1092 2216 1160 2249 Die
1174 2216 1287 2248 zweite
1301 2215 1605 2258 Achilleustriloyie

166 2268 223 2302 des
246 2268 421 2310 Aisa-hyles
442 2268 604 2309 Philolog.
627 2267 669 2301 N.
692 2268 735 2300 F.
749 2268 799 2300 IX
813 2268 920 2310 (1896)
936 2268 998 2299 277
1006 2278 1087 2310 sqq„
1109 2277 1183 2300 cum
1198 2268 1315 2310 locum,
1337 2268 1377 2301 de
1399 2278 1463 2309 quo
1478 2268 1605 2310 agitur,

167 2330 208 2355 ex
228 2321 288 2354 ina
305 2320 479 2363 tragoedia
493 2321 704 2362 desumptum
720 2330 790 2354 esse
808 2323 964 2362 censeret,
987 2330 1085 2361 quam
1109 2330 1182 2353 cum
1201 2320 1434 2362 Psychostasia
1455 2323 1490 2354 et
1503 2321 1604 2354 Mem-

165 2383 252 2406 none
273 2373 428 2414 trilogiae
450 2373 581 2405 vinculo
603 2372 811 2405 coniunctam
832 2382 962 2413 quaque
984 2373 1024 2405 de
1040 2373 1180 2405 Achillis
1201 2376 1306 2406 morte
1328 2376 1440 2406 actum
1462 2382 1534 2406 esse
1554 2373 1605 2406 iu-

166 2425 265 2459 dicat.
301 2425 373 2459 Hac
388 2425 427 2458 de
442 2424 555 2457 fabula
569 2433 610 2457 ne
627 2434 729 2457 unum
745 2423 877 2466 quidem
892 2427 1043 2458 veterum
1057 2424 1285 2459 testimonium
1301 2427 1422 2468 exstat,
1445 2425 1504 2459 sed
1517 2426 1605 2460 solae

167 2477 347 2511 recentium
368 2477 609 2519 philologomm
630 2477 727 2510 velut
747 2476 931 2510 Hermanni
953 2477 1076 2519 (opusc.
1097 2478 1167 2511 VII
1180 2477 1252 2520 347,
1274 2477 1429 2520 356sqq.)
1452 2481 1487 2512 et
1500 2478 1606 2520 ipsius

165 2529 393 2563 Baumstarkii
421 2528 642 2571 coniecturae;
671 2532 785 2562 tamen
811 2529 970 2562 facillime
997 2529 1119 2563 titulus
1146 2530 1296 2573 fabulae,
1326 2540 1422 2572 quem
1451 2529 1605 2570 Δηίτιδας

166 2581 267 2616 fnisse
290 2582 492 2616 Baumstark
514 2584 652 2615 conatur
673 2581 907 2625 demonstrare,
928 2581 965 2615 in
987 2582 1106 2624 quinta
1128 2582 1274 2625 catalogi
1294 2583 1432 2616 Medicei
1454 2583 1605 2616 columna
