1990 2959
523 128 574 161 De
596 128 794 162 Graecorum
816 130 949 163 deorum
970 131 1122 172 partibus
1142 131 1337 173 Aeschyleis
1606 132 1656 170 17

213 244 306 274 esse
345 233 466 274 facta.
532 234 630 275 Alia
669 232 780 273 α’ίτια
823 235 1048 287 Aeschylus
1088 236 1131 276 iu
1167 236 1312 277 Vincto
1347 236 1525 287 addidit,
1565 247 1655 278 cum

216 296 294 336 732
304 308 387 347 sqq.
405 296 559 338 referat
580 297 856 339 cimmericum
872 298 1090 349 Bosporum
1118 310 1168 340 ex
1185 299 1294 340 Ionis
1319 299 1496 341 transitu
1517 299 1655 350 appel·

216 357 342 400 latum
358 360 422 410 iri,
439 372 477 401 v.
496 361 573 401 839
582 372 665 410 sqq.
682 361 818 401 Ionem
836 361 945 401 sinui
970 362 1110 402 Rheae
1128 373 1269 403 nomen
1284 362 1407 403 maris
1425 362 1554 403 Ionici
1566 373 1655 403 esse

214 421 433 463 indituram
468 425 510 464 et
546 434 635 464 cum
669 435 707 464 v.
733 423 812 464 849
822 435 906 474 sqq.
942 423 1103 474 Epaphi
1137 424 1246 465 Ionis
1272 424 1347 465 filii
1382 436 1524 466 nomen
1560 424 1655 466 inde

214 485 384 535 derivet,
410 487 515 535 quod
541 485 725 535 Iuppiter
740 486 878 525 Ionem
905 483 1077 536 ἐπαφῶν
1102 487 1362 536 resipientem
1389 487 1498 527 fecit.
1551 488 1655 528 Tum

214 558 254 597 v.
289 548 367 589 865
376 559 459 598 sqq.
496 547 739 598 Argivorum
774 558 915 598 regum
950 545 1080 586 αἴτιον
1105 548 1354 598 proponitur.
1416 549 1655 591 Afferuntur

213 614 351 652 autem
368 612 479 661 haec,
507 622 595 651 cum
615 609 691 661 dei,
717 621 820 659 quae
839 609 979 650 futura
1003 610 1097 660 sint,
1124 611 1415 660 praenuntient
1442 615 1524 663 ant,
1551 625 1655 662 quae

213 673 302 713 sint
327 673 524 724 facienda,
551 672 726 712 edicant.

321 768 474 807 Eadem
501 767 629 817 igitur
655 764 775 816 α’ίτια,
811 777 916 815 quae
951 778 974 805 e
1001 766 1088 806 ludi
1123 767 1230 806 sacri
1265 771 1414 807 natura
1449 779 1538 808 cum
1573 771 1657 808 tra·

213 829 449 880 goediarum
477 827 728 879 argumentis
764 828 977 867 cohaerere
1010 830 1052 867 et
1083 828 1136 867 ab
1163 827 1265 877 ipsis
1293 828 1379 869 deis
1404 829 1550 870 referri
1575 829 1658 870 iam

212 892 261 931 in
295 891 588 931 Eumenidibus
624 889 806 939 vidimus,
844 889 888 929 in
924 890 1176 930 Prometheis
1215 902 1373 940 quoque
1391 890 1432 931 *a
1469 891 1532 932 dis
1568 904 1658 942 pro-

217 953 416 994 feruntur.
469 953 609 1002 Neque
635 951 712 992 soli
738 951 872 992 cultus
908 951 1091 1002 ritusque
1117 952 1399 1003 instituuntur,
1435 954 1508 994 sed
1536 954 1659 994 etiam

214 1015 379 1056 nomina
405 1015 610 1065 induntur,
638 1025 779 1064 regum
805 1025 958 1065 genera
975 1015 1379 1056 deorum-voluntate
1405 1019 1659 1066 procreatum

218 1078 272 1119 iri
298 1077 566 1129 praedicatur,
607 1088 711 1127 quae
738 1076 871 1118 omnia
897 1089 976 1118 non
1003 1077 1161 1118 minora
1187 1077 1350 1119 divinae
1376 1079 1660 1129 providentiae

214 1143 477 1181 monumenta
503 1142 599 1181 sunt
625 1151 743 1190 quam
771 1140 862 1191 ipsa
889 1152 1014 1181 sacra.

324 1235 403 1275 Sed
430 1236 479 1275 de
505 1235 582 1274 hac
608 1246 652 1275 re
680 1235 887 1275 hactenus.
940 1234 1055 1274 Nunc
1081 1238 1214 1275 autem
1242 1238 1493 1276 transeamus
1519 1237 1573 1276 ad
1600 1247 1661 1286 ea,

212 1309 321 1348 quae
349 1309 400 1338 ex
426 1297 669 1347 reliquarum
696 1297 996 1347 tragoediarum
1033 1297 1272 1348 fragmentis
1308 1299 1358 1338 de
1385 1309 1460 1339 usu
1495 1299 1659 1339 deorum

218 1360 444 1411 Aeschyleo
471 1359 682 1400 enucleare
708 1371 927 1409 possumus.
989 1360 1195 1400 Habemus
1230 1360 1272 1400 iu
1313 1360 1534 1411 deperditis
1571 1360 1658 1402 eius

215 1423 366 1465 fabulis
384 1423 604 1473 complures
622 1422 864 1473 tragoedias,
881 1422 924 1462 in
940 1423 1086 1472 quibus
1105 1424 1199 1464 deos
1217 1422 1325 1463 inter
1342 1422 1520 1464 homines
1540 1424 1656 1465 velut

213 1486 259 1526 in
288 1485 578 1526 Eumenidibus
614 1489 656 1525 et
682 1485 725 1525 in
752 1484 921 1525 Bacchis
948 1485 1160 1535 Euripidis
1196 1488 1366 1536 agentes
1403 1497 1493 1527 esse
1528 1486 1653 1527 intro-

215 1550 357 1588 ductos
383 1552 455 1588 aut
482 1547 751 1588 demonstrari
784 1550 857 1587 aut
885 1547 1012 1587 conici
1038 1552 1184 1598 potest,
1220 1560 1387 1597 quarum
1414 1549 1566 1598 primas
1593 1549 1655 1589 fa-

212 1611 335 1652 -bulas
362 1612 415 1651 ad
441 1610 630 1651 Liberum
658 1610 908 1660 pertinentes
934 1610 1232 1660 perlustremus.

323 1703 693 1755 Dionysiacas,
730 1715 860 1753 quae
896 1715 1003 1744 cum
1030 1704 1225 1745 Thebis
1251 1705 1549 1751 cohaerent,
1577 1705 1655 1746 fa-

213 1767 369 1808 bulas
396 1767 620 1818 Aeschylus
648 1767 918 1816 compluribus
954 1767 1180 1818 tragoediis
1216 1768 1427 1818 tractavit,
1462 1780 1484 1808 e
1511 1768 1656 1818 quibus

212 1842 338 1870 unam
367 1841 455 1870 esse
481 1830 704 1882 Σεμέλην
729 1826 752 1879 ἢ
775 1828 841 1868 ‘Yd
849 1829 981 1881 ροφό
990 1843 1012 1882 ρ
1025 1843 1111 1876 ους
1136 1827 1375 1884 (ὑδροφόρος
1398 1831 1521 1871 index
1543 1830 1659 1872 fabu-

214 1893 363 1944 larum)
391 1894 457 1934 vel
483 1893 569 1942 ipso
597 1892 717 1933 titulo
745 1892 985 1933 declaratur.
1039 1894 1332 1944 Argumentum
1367 1897 1501 1935 autem
1541 1894 1660 1943 quale

209 1955 356 2007 fuerit,
383 1955 564 1996 conicere
591 1966 799 2006 possumus
827 1967 850 1996 e
877 1955 1026 1996 scholio
1052 1956 1256 2006 Apollonii
1282 1956 1430 1997 Rhodii
1467 1958 1527 1997 ed.
1563 1956 1660 1997 Keil

212 2020 273 2059 ad
300 2019 321 2058 I
345 2019 423 2058 636
449 2030 474 2058 a
501 2018 683 2058 Nauckio
711 2018 820 2058 TGF
846 2029 882 2067 p.
911 2019 962 2057 73
990 2019 1127 2068 allato,
1159 2031 1235 2068 quo
1258 2019 1448 2068 legimus:
1487 2019 1562 2070 Τὴν
1589 2024 1658 2056 Σε-

219 2079 342 2135 μέλην
370 2081 528 2133 Θυώνην
552 2078 746 2128 καλοῦσιν,
775 2075 910 2133 ἐπειδὴ
945 2078 1140 2131 Αἰσχύλος
1174 2078 1312 2133 ἔγκυον
1347 2079 1464 2134 αὐτὴν
1496 2093 1658 2135 παρεισ-

218 2146 359 2197 ήγαγεν
384 2140 505 2183 οὖσαν
531 2144 599 2182 καὶ
624 2142 920 2195 ἐνθεαζομένην,
948 2144 1094 2193 ὁμοίως
1121 2144 1163 2183 δὲ
1190 2144 1256 2183 καὶ
1282 2144 1353 2190 τὰς
1378 2143 1660 2196 ἐφαπτομένας

218 2213 290 2261 τῆς
324 2205 493 2261 γαστρὸς
528 2205 649 2260 αὐτῆς
683 2205 985 2257 ἐνθεαζομένας.
1058 2207 1144 2259 Quo
1179 2218 1229 2247 ex
1264 2207 1350 2248 loco
1386 2207 1658 2259 cognoscimus

211 2271 470 2321 tragoediam
497 2271 609 2311 illam
645 2282 711 2310 res
737 2270 857 2319 paulo
883 2274 979 2311 ante
1006 2270 1156 2310 Bacchi
1194 2275 1354 2321 partum
1389 2274 1530 2322 gestas
1567 2283 1658 2312 con-

218 2332 398 2374 tinuisse.
468 2333 517 2372 In
553 2332 632 2373 fine
674 2336 811 2373 autem
849 2332 1030 2373 Semelae
1077 2334 1232 2374 domum
1276 2332 1535 2385 infiagratam
1570 2345 1659 2375 esse

206 2396 475 2437 *Welckerum
512 2397 682 2445 quodam
717 2395 806 2436 iure
846 2395 978 2436 secuti
1014 2408 1036 2436 e
1071 2396 1194 2436 titulo
1228 2395 1468 2450 Ὑδροφόροι
1502 2409 1661 2438 sumere

219 2469 437 2510 possumus,
465 2458 663 2509 quoniam,
699 2458 735 2499 si
760 2458 941 2499 homines
969 2470 1113 2508 aquam
1150 2463 1361 2509 portantes
1398 2461 1440 2500 in
1476 2459 1659 2501 Semelae

209 2522 361 2563 ,fabula
388 2524 757 2572 commemorantur,
785 2522 834 2562 de
861 2521 914 2562 iis
941 2522 1113 2573 cogitari
1137 2526 1283 2574 potest,
1311 2523 1381 2573 qui
1407 2523 1523 2573 ignes
1550 2523 1660 2564 Iovis

282 2614 670 2649 Religionsgeschichtliche
685 2614 833 2643 Vei-suche
849 2622 878 2643 u.
897 2615 1093 2644 Vorarbelten
1103 2616 1183 2645 VIII.
1194 2617 1209 2641 3
1430 2607 1450 2639 2
