1990 2959
502 177 550 211 De
573 177 772 212 Graecorum
795 178 927 212 deorum
949 177 1100 220 partibus
1120 176 1313 218 Aeschyleis
1607 176 1633 217 5

193 281 394 332 Aeschylo
420 282 571 323 alienos
598 293 687 324 esse
722 284 923 333 putarent.
976 281 1178 322 Henricus
1211 281 1317 322 enim
1345 280 1453 322 Weil
1488 280 1514 320 l.
1541 292 1578 330 p.
1605 280 1632 320 4

191 345 218 386 l.
244 357 283 395 p.
309 346 369 397 12,
396 357 513 395 quem
538 349 700 387 secutus
725 348 789 386 est
814 345 1004 386 Nicolaus
1031 344 1245 386 Wecklein
1268 345 1311 385 111
1335 344 1521 385 Orestiae
1547 343 1632 384 edi-

193 407 303 449 tione
329 408 381 459 (p.
407 407 486 450 330
513 410 605 449 adn.
632 409 683 449 ad
711 420 749 450 v.
775 408 973 458 670—76)
999 419 1037 449 v.
1063 407 1283 458 667—673‚
1312 407 1457 457 quibus
1485 405 1631 457 Apollo

191 482 236 511 se
262 471 448 512 Orestam
475 471 684 513 Minervae
710 471 804 512 urbi
827 470 978 511 socium
1013 473 1055 510 et
1082 470 1253 511 amicum
1281 470 1476 519 praebere
1513 469 1631 520 dixit,

192 533 381 574 delendos
409 545 496 575 esse
523 533 691 577 censuit,
720 544 808 573 cum
835 532 879 572 in
897 533 1120 582 Areopago,
1146 543 1197 572 ne
1224 531 1275 569 τὰ
1300 529 1379 580 ἔξω
1404 537 1475 570 τοῦ
1502 533 1628 584 πράγ-

190 610 315 646 ματος
345 596 597 647 afferrentur,
630 596 722 646 lege
756 598 919 635 cautum
946 598 1066 635 esset.
1118 594 1198 635 Sed
1232 595 1338 635 hauc
1363 595 1560 635 rationem
1587 595 1630 635 in

191 658 482 699 Eumenidibus
507 660 672 708 praeter
705 657 813 697 hunc
837 656 966 696 10011111
993 656 1142 696 iterum
1177 656 1360 696 videmus
1394 657 1631 707 neglectam,

191 733 278 763 cum
315 720 557 762 Eumenides
592 719 714 771 plane
753 717 831 768 ἔξω
871 724 943 758 τοῦ
979 719 1215 771 πράγματος
1249 719 1368 759 minis
1403 722 1631 769 perterrere

191 784 344 824 iudices
388 786 584 824 conentur
627 783 681 834 (v.
727 782 900 833 711sq.).
969 781 1060 821 Huc
1106 781 1275 831 accedit,
1316 783 1422 830 quod
1468 781 1631 831 saepius

191 845 382 896 Aeschyli
418 844 629 896 tragoedia
654 857 680 885 a
707 847 819 885 certo
846 844 1053 895 Areopagi
1087 844 1340 894 negotiorum
1376 843 1516 885 ordine
1550 844 1632 884 dis-

190 908 318 948 sentit
336 907 402 958 (cf.
420 907 620 947 Blassium
635 907 660 947 l.
678 918 716 956 p.
734 908 761 946 4
779 907 805 946 1.
823 917 861 955 p.
881 906 984 957 135).
1016 906 1154 955 Atque
1173 917 1220 946 eo
1237 906 1368 946 minus
1386 907 1632 947 haerendum

191 974 255 1011 est
282 971 325 1010 in
352 982 409 1020 eo,
436 971 540 1019 quod
559 969 702 1019 Apollo
721 970 795 1009 hoc
821 969 907 1009 loco
936 970 985 1009 de
1012 969 1208 1010 societate
1235 969 1310 1009 illa
1327 969 1516 1019 loquitur,
1543 981 1633 1009 cum

192 1033 331 1072 eadem
358 1031 439 1071 iam
458 1034 582 1071 antea
608 1031 696 1081 ipse
714 1031 879 1071 Orestes
906 1042 944 1072 v.
962 1032 1040 1071 287
1050 1032 1369 1081 sqq-monuerit.
1423 1031 1510 1082 Quo
1536 1032 1633 1082 loco,

191 1106 307 1145 quem
336 1094 540 1144 integrum
569 1105 656 1135 esse
683 1105 820 1134 omnes
847 1094 1114 1145 consentiunt,
1142 1095 1312 1135 Orestae
1340 1096 1468 1135 verba
1505 1106 1554 1135 00
1582 1096 1632 1135 de

190 1168 313 1197 causa
338 1168 454 1197 nemo
479 1157 642 1203 delevit,
670 1168 751 1206 qua
777 1159 992 1197 commotus
1019 1157 1127 1198 Weil
1162 1157 1363 1207 Apollinis
1398 1157 1471 1198 illa
1506 1157 1632 1198 verba

192 1220 245 1261 ab
281 1219 481 1271 Aeschylo
517 1219 788 1271 abiudicavit,
832 1231 975 1271 nempe
1016 1221 1121 1270 quod
1146 1222 1200 1261 ad
1234 1232 1319 1261 rem
1355 1220 1513 1261 omnino
1551 1232 1631 1261 non

191 1283 436 1334 pertineant,
461 1283 560 1323 lieet
588 1284 726 1323 eodem
752 1283 841 1322 iure
864 1283 967 1323 hanc
991 1294 1151 1323 causam
1178 1284 1221 1323 in
1239 1283 1409 1323 Orestae
1434 1287 1559 1332 0111110
1585 1283 1629 1323 111

189 1344 390 1395 Apollinis
415 1345 552 1386 verbis
571 1344 763 1385 adhibere
781 1344 921 1395 possis.
973 1345 1113 1395 Neque
1131 1345 1237 1385 enim
1256 1345 1419 1386 Orestes
1446 1345 1630 1386 Athenas

188 1408 314 1460 venit,
348 1411 396 1448 ut
428 1407 568 1448 foedus
604 1407 848 1457 Argivorum
885 1411 928 1459 et
963 1408 1269 1448 Atheniensium
1297 1408 1438 1458 faciat,
1475 1410 1548 1449 sed
1583 1412 1630 1449 ut

189 1470 399 1512 Minervae
434 1470 584 1511 auxilio
621 1471 673 1511 ab
709 1470 1001 1511 Eumenidibus
1045 1471 1377 1521 persequentibus
1420 1471 1628 1512 liberetur.

190 1532 235 1574 Si
270 1533 400 1584 igitur
427 1533 652 1585 Aeschylus
689 1534 742 1574 ab
776 1533 865 1584 ipso
899 1533 1016 1574 initio
1039 1533 1181 1574 foedus
1216 1534 1318 1574 illud
1352 1546 1440 1574 cum
1477 1534 1628 1575 iudicio

187 1595 406 1637 matricidii
432 1596 651 1647 coniunxit,
677 1595 800 1637 etiam
818 1599 960 1646 postea
978 1596 1021 1636 in
1039 1596 1091 1637 iis
1110 1596 1209 1637 locis
1226 1598 1396 1638 haerere
1414 1608 1492 1637 11011
1518 1597 1628 1649 11001,

189 1659 335 1708 quibus
370 1660 420 1700 de
458 1660 598 1700 eadem
634 1671 680 1699 re
717 1660 865 1710 agitur.
927 1659 1023 1700 Alia
1058 1663 1121 1700 est
1151 1660 1345 1711 quaestio,
1384 1671 1479 1700 num
1514 1664 1626 1701 recte

190 1723 409 1763 contendat
426 1721 531 1763 Weil
551 1722 641 1763 illos
659 1733 803 1763 versus
817 1723 894 1763 667
899 1722 1027 1763 -673
1044 1734 1174 1773 neque
1188 1735 1277 1764 cum
1292 1723 1626 1765 antecedentibus

187 1796 318 1834 neque
344 1797 433 1825 011111
460 1786 725 1834 sequentibus
751 1786 855 1825 bene
881 1786 1108 1836 cohaerere,
1144 1797 1225 1835 qua
1260 1787 1311 1826 de
1346 1797 1469 1826 causa
1502 1787 1627 1827 etiam

187 1848 232 1888 in
258 1847 476 1890 novissima
502 1848 678 1889 editione
706 1849 992 1890 Teubneriana
1017 1849 1202 1890 lacunam
1240 1852 1332 1899 post
1357 1861 1393 1889 v.
1420 1850 1498 1890 666
1525 1849 1628 1890 indi·

188 1910 308 1951 cavit.
370 1911 450 1951 Sed
486 1911 643 1953 erravit
679 1911 749 1951 ille
785 1912 850 1952 vir
884 1913 1035 1962 doctus,
1071 1923 1159 1952 cum
1196 1912 1297 1952 nihil
1332 1912 1489 1952 omnino
1525 1912 1628 1952 (1031-

188 1975 364 2014 deretur.
417 1974 605 2015 Lacunae
632 1974 739 2015 enim
765 1973 894 2015 fallax
920 1975 1076 2026 species
1104 1986 1150 2017 00
1178 1975 1316 2026 oritur,
1343 1976 1448 2025 quod
1474 1975 1628 2027 Apollo,

187 2048 276 2077 cum
303 2048 341 2078 v.
359 2038 437 2077 666
455 2041 694 2087 argumenta
720 2038 909 2087 finiverit,
936 2039 988 2077 ad
1013 2038 1140 2087 ipsam
1160 2038 1383 2078 Minervam
1411 2049 1628 2079 conversus

187 2099 350 2141 brevem
380 2099 581 2151 epilogum
609 2100 735 2150 addit,
763 2111 840 2150 quo
868 2100 1054 2142 Orestam
1080 2100 1254 2141 facunde
1280 2101 1341 2141 illi
1367 2101 1627 2141 commendat.

189 2162 291 2202 Tum
317 2161 417 2203 haec
443 2161 684 2213 interrogat,
711 2174 816 2213 num,
844 2174 1105 2213 quaecunque
1132 2163 1241 2204 dicta
1267 2166 1373 2213 sunt,
1409 2162 1626 2214 sufficiant,

187 2228 235 2265 ut
269 2224 465 2276 suffragia
503 2225 604 2265 ferri
643 2225 810 2275 possint.
879 2225 1007 2266 Recte
1047 2226 1176 2276 igitur
1209 2225 1328 2266 Blass
1367 2225 1411 2265 in
1447 2225 1626 2266 editione

186 2287 383 2328 traditum
402 2290 632 2329 contextum
651 2287 804 2329 retinet.
819 2299 950 2338 neque
968 2288 1153 2330 versibus
1171 2288 1318 2329 deletis
1335 2299 1467 2338 neque
1479 2288 1626 2329 lacuna

183 2350 378 2402 indicata,
413 2350 483 2401 qui
508 2351 613 2392 idem
647 2354 760 2392 recte
796 2351 1004 2392 contendit
1038 2351 1222 2392 clausula
1257 2362 1397 2392 carere
1424 2351 1626 2402 Apollinis

186 2414 322 2461 verba,
350 2413 387 2455 si
413 2414 504 2464 quis
532 2425 675 2456 versus
702 2415 778 2455 667
789 2425 872 2464 sqq.
899 2413 1105 2455 induxerit
1118 2413 1144 2455 ¹.

297 2561 308 2580 ²
329 2560 535 2594 eonferenda
564 2570 603 2594 ea
631 2569 761 2602 qnoque
788 2563 876 2602 sunt,
906 2569 990 2602 quae
1020 2561 1060 2594 de
1081 2560 1308 2595 wilamowitz
1330 2560 1528 2595 Aristotelea
1555 2560 1627 2594 und

184 2610 296 2644 Athen
317 2612 354 2645 11
374 2611 435 2645 331
457 2612 637 2654 proposuit.
