1990 2959
315 126 364 167 18
910 126 1028 159 meus
1050 126 1171 159 Mulier
1227 168 1231 173 ἱ

311 230 549 271 fulminibus
576 229 776 270 excitatos
804 229 1060 279 restinguere
1087 233 1285 270 conantur
1299 229 1325 269 ¹.
1378 229 1458 270 Sed
1485 231 1607 270 etiam
1631 233 1682 272 de
1707 233 1760 272 iis

311 291 510 342 quispiam
529 291 694 342 cogitet,
717 290 786 341 qui
804 301 950 340 aquam
973 292 1025 331 ad
1043 291 1242 332 infantem
1260 293 1313 331 ad
1330 290 1460 331 lucem
1478 291 1729 341 proditurum
1742 293 1763 316 ³

311 358 385 396 aut
420 364 661 404 puerperam
698 354 895 395 lavandos
930 357 1157 404 apportent.
1225 355 1446 395 Praeterea
1482 354 1710 405 Hesychius
1736 356 1758 396 I

310 429 348 468 p.
378 417 455 457 160
482 416 718 468 (Schmidt),
757 416 806 457 fr.
843 417 921 457 222
937 417 972 456 Ν
1009 418 1201 467 praebet:
1241 415 1528 469 Ἅμφὶδρομος·
1565 414 1762 465 Αἰσχύλος

311 479 460 530 Σεμέλῃ
489 476 639 518 ἔπλασε
667 478 838 529 δαίμονα
865 478 1001 519 καινὸν
1036 478 1119 530 (καὶ
1147 481 1245 531 cod.)
1274 479 1368 530 περὶ
1402 478 1451 517 τὰ
1478 477 1761 532 Ἀμφιὸρόμια,

312 542 406 581 ὡσεὶ
432 539 563 591 ἔλεγες
588 541 655 580 τὸν
677 541 901 580 Γενέθλιον.
957 542 1065 592 Quid
1090 543 1164 582 hoc
1182 542 1261 582 sibi
1287 542 1424 592 vellet,
1452 541 1641 582 Welcker
1659 540 1762 582 Tru.

311 616 348 656 p.
384 605 463 646 829
505 604 725 655 explicare·
754 608 922 645 conatus
960 608 1033 655 est,
1075 615 1165 645 cum
1205 606 1345 645 eadem
1385 604 1554 655 ratione,
1593 614 1675 654 qua
1715 605 1759 644 in

313 667 631 718 Amphidromiis
667 667 819 707 Atticis
854 667 1026 716 septimo
1059 671 1150 716 post
1183 669 1344 717 partum
1381 667 1447 707 die
1483 667 1587 707 actis
1622 665 1763 708 infans

313 730 436 771 celeri
464 741 584 770 cursu
612 730 760 770 circum
797 729 928 769 focum
955 733 1200 780 portaretur,
1235 729 1278 769 in
1315 729 1527 780 tragoedia
1562 729 1757 780 Aeschyli

313 804 339 832 a
358 793 550 832 daemone
569 791 971 841 Amphidromiorum,
990 803 1105 840 quem
1125 791 1214 841 ipse
1231 793 1455 843 Aeschylus
1473 792 1554 832 sibi
1567 792 1762 843 finxisset,

311 853 504 895 Liberum
528 853 727 894 infantem
747 865 770 894 e
788 853 958 894 flammis
985 852 1154 894 fulmine
1173 854 1368 894 excitatis
1395 857 1650 904 exportatum
1669 867 1761 896 esse

311 920 504 957 censeret.
559 916 639 957 Sed
667 915 995 966 Amphidromum
1025 916 1138 956 illum
1167 916 1365 967 partibus,
1393 928 1492 966 quas
1512 917 1703 958 Welcker
1721 917 1760 958 ei

310 978 468 1029 tribuit,
487 977 724 1030 fungentem
741 979 942 1028 prodiisse
959 991 1032 1029 pro
1051 983 1162 1019 certo
1182 979 1391 1029 quisquam
1409 991 1456 1019 eo
1474 980 1607 1020 minus
1626 984 1761 1029 potest

310 1039 525 1093 affirmare,
554 1042 659 1092 quod
685 1053 763 1083 vox
789 1039 937 1081 ἔπλασε
965 1053 1044 1082 non
1070 1043 1185 1082 modo
1211 1043 1265 1083 ad
1291 1053 1392 1093 eum,
1426 1041 1495 1093 qui
1521 1042 1765 1093 producitur

311 1106 355 1145 in
383 1117 555 1155 scenam,
583 1106 656 1145 sed
679 1105 803 1144 etiam
822 1107 876 1144 ad
895 1117 996 1155 eum,
1025 1106 1092 1154 qui
1121 1104 1271 1145 alicubi
1297 1105 1341 1145 in
1361 1105 1574 1156 tragoedia
1592 1117 1762 1146 comme-

311 1171 502 1219 moratur,
516 1167 724 1219 pertinere
738 1170 883 1219 potest.
911 1167 1080 1209 Photius
1095 1167 1199 1209 enim
1214 1168 1257 1208 II
1272 1180 1308 1219 p.
1324 1168 1374 1209 10
1388 1168 1440 1221 (N
1442 1169 1555 1220 aber)
1569 1169 1762 1219 praebet:

311 1231 520 1270 Ὀκτώπαν
547 1230 730 1279 ποταμὸν
748 1230 944 1278 Αἰσχύλος
964 1230 1244 1268 διαπέπλοικε8
1268 1233 1498 1276 Νεανίσκοις
1523 1231 1587 1281 (fr.
1609 1232 1685 1271 149
1695 1232 1763 1282 N),

312 1302 391 1343 quo
418 1293 503 1333 loco
530 1292 775 1343 Aeschylum
802 1292 950 1332 flumen
982 1292 1023 1332 in
1052 1292 1263 1333 Neaniscis
1291 1303 1625 1345 commemorasse,
1655 1295 1759 1343 quod

311 1356 399 1405 ipse
427 1352 505 1395 sibi
533 1354 662 1404 finxit,
689 1355 868 1405 legimus.
923 1355 1074 1394 Tamen
1111 1355 1234 1394 etiam
1270 1355 1312 1394 id
1348 1355 1436 1394 fieri
1471 1355 1617 1405 potuit,
1653 1357 1761 1405 quod

311 1417 504 1459 Welcker
529 1418 748 1468 proposuit,
783 1421 827 1457 et
859 1417 896 1457 si
925 1417 1232 1467 Amphidromus
1269 1417 1312 1457 in
1347 1429 1506 1458 scenam
1543 1419 1761 1468 productus

314 1491 479 1519 munere
507 1479 643 1528 aliquo
680 1478 845 1519 functus
881 1483 956 1524 est,
993 1479 1124 1519 eidem
1161 1480 1303 1530 generi
1339 1481 1503 1520 deorum
1540 1483 1604 1520 est
1639 1481 1760 1520 attri-

313 1543 496 1584 buendus
524 1545 648 1592 atque
675 1541 819 1583 Cratos
855 1544 898 1583 et
924 1542 1003 1583 Bia
1029 1542 1072 1582 in
1109 1543 1347 1584 Prometheo
1374 1542 1522 1584 Vincto
1558 1547 1601 1584 et
1628 1543 1765 1594 Lyssa

313 1607 355 1646 in
374 1606 574 1656 Xantriis,
602 1607 651 1645 de
673 1617 753 1655 qua
771 1605 911 1646 fabula
938 1605 1046 1645 infra
1064 1605 1202 1646 statim
1222 1617 1354 1657 agam,
1381 1606 1527 1656 quibus
1554 1618 1629 1657 res,
1657 1617 1760 1656 quas

314 1669 545 1710 abstractas
574 1672 731 1717 vocant,
767 1669 880 1709 velut
915 1668 1038 1709 animi
1074 1671 1204 1709 motus
1230 1672 1304 1709 aut
1331 1669 1510 1719 corporis
1543 1669 1651 1711 vires
1687 1673 1760 1709 aut

316 1732 402 1772 dies
430 1731 557 1780 aliqui
585 1730 683 1771 festi
712 1731 853 1772 divina
881 1732 1014 1781 specie
1041 1731 1266 1772 induantur
1278 1732 1304 1772 ⁴.
1357 1732 1437 1772 Sed
1470 1732 1505 1772 si
1533 1732 1759 1783 Aeschylus

315 1806 359 1834 re
386 1806 485 1835 vera
513 1793 666 1843 primus
693 1805 839 1834 novum
864 1795 992 1844 deum,
1028 1794 1116 1834 sive
1143 1794 1186 1833 in
1213 1806 1334 1834 scena
1362 1794 1559 1844 adhibuit,
1595 1795 1682 1835 sive
1717 1795 1759 1834 in

316 1855 459 1896 fabula
486 1855 823 1905 commemoravit,
852 1855 975 1895 etiam
1003 1856 1052 1895 de
1079 1855 1311 1896 muneribus
1338 1855 1425 1896 cius
1451 1856 1495 1896 id
1521 1859 1585 1896 est
1621 1857 1672 1897 de
1698 1856 1759 1896 in-

315 1917 535 1959 stituendis
563 1917 876 1967 Amphidromiis
894 1918 1021 1958 verba
1048 1921 1167 1958 erant
1192 1918 1391 1958 facienda.
1444 1918 1588 1968 Itaque
1614 1918 1657 1959 in
1684 1919 1761 1959 hac

316 1991 474 2030 quoque
516 1979 659 2020 fabula
694 1977 821 2017 α’ίτιον
857 1981 1052 2029 quoddam
1089 1981 1299 2030 habemus,
1341 1981 1445 2029 quod
1485 1980 1520 2020 si
1559 1991 1638 2021 non
1674 1980 1765 2030 ipse

316 2043 628 2093 Amphidromus
656 2045 766 2082 certe
793 2042 899 2082 alius
928 2044 1025 2082 deus
1053 2043 1227 2082 rettulit.

425 2189 436 2208 ¹
458 2189 610 2230 Apollod.
634 2190 690 2222 111
710 2189 828 2230 2sssq.;
850 2189 941 2230 Hyg.
964 2189 1030 2222 fab.
1056 2188 1125 2221 179.

421 2241 435 2261 ¹
457 2242 499 2275 H.
522 2242 700 2275 Bluemner
720 2240 896 2274 Lehrbuch
918 2240 977 2274 der
995 2240 1116 2284 ,ιη-ἰωὴ.
1132 2240 1325 2283 Ρνὶυαίαῑέ.,
1348 2240 1516 2284 Freiburg
1539 2240 1621 2274 1882
1641 2251 1673 2283 p.
1688 2240 1765 2275 281.

315 2295 409 2328 Iwan
432 2295 471 2328 de
494 2294 633 2328 Mueller
653 2294 722 2328 Die
741 2293 862 2337 arioch.
885 2293 1217 2336 Privataltertu'mer,
1239 2293 1411 2327 Mencken
1434 2293 1515 2326 1892
1535 2304 1567 2335 p.
1592 2293 1662 2327 160.

422 2346 436 2365 ⁸
457 2347 510 2379 Sic
538 2350 627 2380 recte
655 2347 829 2388 proposuit
854 2347 957 2380 Cobet
986 2347 1121 2388 (Variae
1150 2346 1307 2380 lectiones
1316 2345 1354 2396 ’,ἱ
1369 2345 1761 2388 Lugduni-Batavorum

317 2397 400 2432 1873
420 2409 452 2440 p.
469 2398 543 2441 121)
565 2409 623 2440 pro
638 2398 763 2432 tradita
785 2408 864 2433 voce
886 2396 1030 2430 ὃιαπέπλ
1031 2411 1122 2430 eeeee
1115 2408 1230 2441 ,quae
1245 2398 1451 2432 Godofredus
1466 2398 1636 2432 Hermann
1651 2406 1761 2439 opusc.

318 2451 348 2484 V
369 2451 467 2492 26sq.
490 2451 639 2493 coniecit,
662 2451 751 2484 omni
773 2454 889 2484 carent
909 2451 1152 2492 probabilitate.

423 2503 509 2536 ⁴Cf.
538 2503 573 2535 in
602 2503 760 2537 Roscheri
788 2503 853 2536 lex.
882 2503 1034 2537 Stollium
1064 2513 1090 2537 s.
1119 2513 1151 2537 v.
1174 2502 1293 2545 Κρατο
1294 2514 1326 2546 ε,
1354 2502 1543 2536 Schulzium
1572 2512 1597 2536 s.
1627 2512 1659 2536 v.
1681 2501 1769 2544 Bia

317 2554 538 2588 Schirmerum
561 2564 586 2588 s.
610 2565 642 2588 v.
665 2554 785 2597 Lyssa.
807 2556 1019 2589 Deubnerum
1043 2566 1068 2589 s.
1091 2566 1123 2589 v.
1147 2555 1469 2596 Personifi'cationen
1491 2556 1549 2588 col.
1572 2554 1713 2595 2113sq.
