1990 2959
517 163 566 196 De
588 163 784 197 Graecorum
807 164 941 199 deorum
963 164 1115 206 partibus
1136 163 1330 206 Aeschyleis
1597 163 1649 203 23

206 278 376 318 scamus,
402 267 481 310 etsi
506 271 754 318 argumento,
780 269 885 318 quod
907 269 1079 309 Mueller
1104 268 1323 319 proposuit,
1348 268 1424 313 illa
1450 279 1530 311 non
1557 279 1648 308 con·

209 329 427 373 tradicunt.
478 331 527 375 In
555 342 602 373 ea
630 334 765 375 autem
791 331 1017 383 tragoedia,
1042 343 1124 382 qua
1150 333 1201 375 de
1235 331 1386 373 scelere
1413 331 1568 373 Ixionis
1604 330 1648 373 in

208 392 400 436 Iunonem
427 394 632 439 commisso
659 394 871 446 agebatur,
911 396 1006 435 deos
1033 406 1112 435 non
1139 395 1253 437 modo
1280 395 1533 438 introductos
1560 405 1649 437 esse

207 457 280 498 sed
307 456 430 498 etiam
458 457 612 507 amplas
630 459 768 506 partes
786 456 1010 498 obtinuisse
1036 468 1111 506 per
1133 468 1176 497 se
1194 460 1320 506 patet.
1374 457 1432 499 Et
1458 457 1647 506 quoniam

208 522 520 561 consentaneum
540 521 603 560 est
621 519 802 561 Ixionem
821 518 1027 561 artissima
1048 519 1331 562 familiaritate
1350 520 1512 563 deorum
1531 530 1646 563 usum

207 593 308 632 esse,
344 582 594 624 Prometheis
628 582 801 623 fortasse
840 582 1012 623 similior
1039 581 1120 623 fuit
1155 582 1243 624 eius
1277 583 1493 632 tragoedia
1527 593 1647 632 quam

208 643 511 685 Eumenidibus.
564 644 787 685 Dolendum
805 647 938 685 autem
967 648 1041 696 est,
1068 646 1183 697 quod,
1211 646 1403 696 quomodo
1421 645 1647 696 Aeschylus

208 707 313 750 hanc
339 707 518 749 fabulam
545 707 801 758 tractaverit,
836 707 1052 757 nescimus;
1088 720 1218 757 neque
1254 711 1390 751 tamen
1426 708 1646 748 verisimile

207 772 273 815 est
298 769 406 821 pium
434 770 548 815 illum
577 772 747 821 poetam,
774 770 932 821 qualem
957 769 1001 812 in
1021 770 1310 815 Eumenidibus
1335 771 1543 820 habemus,
1570 769 1647 813 hac

207 833 348 875 fabula
366 843 479 874 usum
497 844 576 875 non
595 843 692 881 esse,
718 836 766 871 ut
783 833 1049 882 maiestatem,
1072 834 1335 884 clementiam,
1352 833 1648 883 indulgentiam

208 896 370 935 deorum
399 894 612 945 superbiae
638 894 808 934 hominis
844 894 1009 935 scelesti
1035 896 1133 935 data
1168 906 1290 945 opera
1325 898 1558 945 opponeret,
1594 899 1649 945 et,

208 958 401 1006 quomodo
425 968 583 1006 semper
608 956 853 1006 aliquando
841 956 968 1006 impia
993 958 1145 998 scelera
1171 957 1281 998 iusta
1307 968 1438 1007 poena
1463 957 1504 997 di
1531 957 1650 997 ulcis-

208 1023 409 1070 cerentur,
437 1021 744 1061 demonstraret.
799 1018 913 1061 Talis
949 1019 1055 1060 enim
1087 1019 1252 1061 fabulae
1284 1023 1521 1070 argumento
1556 1021 1651 1061 reli-

210 1081 368 1131 gionem
388 1084 431 1120 et
457 1080 744 1122 verecundiam
772 1080 833 1123 dis
853 1075 1029 1122 debitam
1049 1081 1248 1122 celebrari
1275 1093 1375 1133 opus
1404 1085 1505 1132 erat,
1532 1094 1651 1132 quam

209 1144 261 1185 ob
280 1155 364 1185 rem
392 1143 531 1185 Ixione
559 1146 601 1185 et
627 1143 920 1187 Eumenidibus
947 1145 1023 1186 hoc
1048 1144 1155 1186 idem
1182 1145 1451 1189 demonstrari
1478 1146 1653 1196 videtur,

209 1219 287 1256 quo
307 1207 438 1247 artius
458 1208 523 1246 dei
542 1218 630 1250 cum
651 1212 887 1257 argumento
907 1209 1159 1258 cohaereant,
1186 1219 1231 1248 eo
1250 1208 1380 1258 magis
1399 1209 1652 1258 tragoediam

209 1269 408 1321 religione
434 1269 571 1313 imbui.

315 1332 418 1371 Num
447 1332 571 1372 etiam
598 1332 641 1371 in
667 1332 926 1375 antecedenti
951 1332 1102 1383 fabula,
1130 1344 1261 1382 quam,
1288 1336 1334 1374 ut
1359 1333 1439 1375 iam
1468 1333 1653 1384 vidimus,

210 1393 505 1436 Perrhaebides
532 1405 620 1435 esse
648 1394 777 1436 voluit
810 1394 850 1435 C.
878 1394 921 1435 Ο.
940 1395 1121 1446 Mueller,
1149 1395 1213 1436 dei
1239 1396 1514 1445 apparuerint,
1542 1399 1652 1439 certe

210 1456 327 1497 nobis
364 1456 591 1496 coniectare
626 1467 705 1495 non
741 1456 848 1496 licet.
910 1456 990 1496 Sed
1016 1457 1151 1506 potuit
1184 1458 1283 1497 deus
1310 1457 1458 1507 aliquis
1494 1457 1538 1497 in
1574 1457 1653 1499 fine

209 1518 425 1570 introduci,
461 1518 530 1568 qui
557 1519 692 1559 Iovem
719 1518 852 1559 Ixioni
886 1519 1167 1560 lust-rationem
1206 1531 1293 1560 esse
1319 1523 1552 1570 paraturam
1588 1532 1651 1560 re-

211 1582 431 1630 nuntiaret,
467 1582 532 1620 cui
559 1581 681 1620 etiam
708 1592 850 1622 versus
878 1581 974 1630 πρὶν
1001 1582 1048 1619 ἂν
1074 1581 1312 1630 σταλαγμοῖς
1337 1582 1416 1620 κτλ.
1444 1583 1651 1622 tribuendi

211 1646 360 1685 essent.
413 1643 513 1684 Tum
549 1643 591 1683 in
620 1643 697 1684 hac
725 1643 936 1695 tragoedia
972 1645 1070 1685 deus
1096 1643 1168 1686 ille
1206 1644 1250 1690 in
1276 1644 1355 1686 fine
1384 1644 1652 1695 apparuisset,

211 1718 328 1756 quem
368 1705 466 1745 θεὸν
504 1705 585 1745 ἀπὸ
621 1711 794 1758 μηχανῆς
830 1707 1036 1758 appellare
1074 1707 1363 1749 consuevimus.
1424 1708 1653 1749 Potuerunt

210 1773 346 1810 autem
374 1769 417 1810 in
443 1770 604 1810 oraculo
622 1772 695 1810 aut
720 1769 764 1810 in
782 1770 890 1811 vatis
910 1770 1081 1814 alicuius
1099 1770 1236 1812 verbis
1253 1771 1326 1811 illa
1344 1774 1519 1822 exstare,
1546 1772 1653 1821 quod

212 1832 250 1872 si
276 1832 428 1872 factum
464 1836 537 1882 est,
573 1833 734 1872 oraculo
762 1833 830 1873 vel
857 1833 965 1873 vatis
991 1834 1174 1874 oratione
1210 1845 1288 1874 non
1324 1833 1455 1874 minus
1492 1836 1654 1879 deorum

212 1895 339 1935 verba
365 1894 555 1945 praebita
589 1897 693 1946 sunt,
730 1906 850 1945 qnam
877 1895 913 1935 si
949 1896 1046 1936 deus
1073 1895 1222 1947 aliquis
1258 1907 1306 1936 ea
1341 1896 1524 1947 protulit.
1576 1896 1656 1936 Sed

212 1958 336 1999 etiam
365 1970 452 1998 cum
477 1958 554 1998 hac
580 1958 724 1999 fabula
741 1962 922 1999 sacratos
939 1959 1054 2009 ritus,
1081 1971 1179 2008 quos
1197 1959 1277 2009 ipsi
1296 1959 1361 1999 dei
1378 1959 1656 2009 Instituerunt,

214 2020 408 2061 habemus
435 2020 677 2071 coniunctos,
704 2020 784 2061 etsi
820 2032 898 2070 qua
938 2021 1096 2062 ratione
1121 2022 1239 2071 ‘apud
1266 2021 1508 2071 Aeschylum
1536 2020 1654 2061 insti-

213 2084 296 2124 tuti
324 2083 391 2124 vel
417 2083 534 2123 allati
570 2083 666 2134 sint,
701 2083 910 2124 nescimus.
970 2084 1109 2125 Iovem
1145 2084 1251 2124 enim
1288 2085 1341 2123 ad
1368 2083 1549 2124 Ixionem
1585 2095 1654 2123 ex—

214 2146 408 2196 piandum
434 2146 586 2195 primas
612 2145 874 2190 lustrationes
902 2145 1128 2188 condidisse
1161 2145 1248 2195 ipse
1274 2145 1499 2199 Aeschylus
1525 2144 1655 2184 tradit

213 2207 545 2262 (πρωτοκτόνοισι
570 2213 851 2261 προστροπαῖς
881 2208 1038 2257 Ἰξίονος
1063 2208 1177 2251 Eum.
1204 2207 1307 2260 718),
1343 2219 1461 2258 quam
1490 2208 1543 2248 ad
1569 2219 1653 2248 rem

212 2270 339 2314 etiam
366 2270 647 2322 fragmentum,
674 2271 777 2321 quod
805 2270 940 2321 attuli,
967 2270 1155 2321 pertinet.

319 2333 458 2374 Etiam
483 2333 526 2373 in
553 2333 604 2373 iis
630 2332 861 2384 tragoediis,
888 2345 993 2383 quae
1020 2332 1231 2384 Sisyphi
1265 2333 1428 2375 fabulas
1454 2336 1656 2384 spectant,

212 2397 309 2436 deos
335 2395 586 2435 introductos
613 2406 700 2435 esse
726 2395 947 2436 verisimile
967 2398 1041 2448 est,
1068 2407 1157 2436 cum
1184 2408 1210 2436 a
1227 2396 1323 2437 Iove
1341 2396 1538 2450 Sisyphus
1565 2407 1656 2436 con—

214 2459 428 2499 demnatus
455 2457 520 2509 sit,
548 2461 595 2498 ut
612 2457 787 2508 lapidem
814 2459 922 2509 apud
947 2457 1099 2499 inferos
1125 2459 1312 2503 volveret
1338 2459 1536 2514 (Apollod.
1554 2459 1575 2499 I
1593 2459 1656 2508 85,

215 2521 339 2564 schol.
366 2520 414 2563 11.
442 2521 476 2561 A
504 2512 563 2560 VI
592 2521 667 2561 153
694 2520 893 2572 Dindorf).
947 2521 1175 2564 Damnatur
1202 2525 1350 2572 autem,
1389 2523 1494 2571 quod
1521 2522 1656 2576 Asopo

214 2582 289 2626 deo
316 2582 441 2629 filiam
479 2594 505 2624 a
530 2582 626 2625 Iove
659 2586 820 2638 raptam
859 2594 947 2626 esse
983 2583 1250 2627 renuntiavit.
1313 2584 1427 2628 Duas
1463 2582 1657 2643 8131111108
