1990 2959
385 167 437 205 42
982 167 1100 203 Ericus
1122 167 1242 199 Miiller

628 271 675 308 Τι’
702 269 784 322 δῆτ’
812 268 878 309 ἐπ’
909 269 1043 316 αὐτοῖς
1069 269 1194 320 ὄνομα
1222 270 1417 322 θήσονται
1442 273 1579 323 βροτοί
1586 290 1598 314 ,-

627 331 791 381 σεμνοὺς
818 332 1015 378 Παλικοὺς
1041 332 1139 378 Ζεὺς
1165 331 1323 383 ἐφίεται
1349 331 1491 370 καλεῖν.

626 391 649 445 ἦ
679 395 746 434 καὶ
773 395 955 435 Παλικῶν
983 394 1150 446 εὐλόγως
1175 401 1285 445 μενεῖ
1311 397 1452 447 φάτις,·

626 457 748 496 πάλιν
778 458 852 510 γὰρ
879 457 1006 497 ‘inova'
1034 457 1077 497 ἐκ
1104 458 1244 496 σκότου
1270 457 1354 497 τόδ’
1381 457 1437 504 εἰς
1461 460 1577 510 φάος.

383 543 591 582 Habemus
618 542 748 593 igitur
775 541 902 582 αἴτιον
929 544 1063 583 cultus
1091 543 1341 592 nominisque
1368 543 1606 583 Palicorum.
1671 543 1831 593 Optime

385 607 520 644 autem
560 605 720 657 accidit,
761 607 865 656 quod
900 606 1111 647 verborum
1148 605 1319 656 formae,
1356 605 1538 655 quamvis
1573 617 1714 656 parum
1750 606 1831 647 sibi

383 671 572 708 constent
598 669 639 708 in
658 668 776 709 libris
794 681 895 719 mss„
922 673 1058 708 tamen
1086 672 1196 709 certe
1215 668 1382 709 restitui
1403 672 1582 718 possunt.
1635 669 1685 708 In
1703 669 1831 718 primo

385 730 490 769 enim
527 742 646 770 versu
683 731 754 770 alii
791 731 887 770 libri
924 731 1124 784 praebent
1158 732 1367 773 τίθωνται,
1404 731 1476 770 alii
1510 732 1716 782 θήσονται,
1752 742 1830 780 quo

384 792 469 832 loco
510 793 691 833 futurum
727 796 886 842 tempus
924 804 969 833 eo
1013 794 1291 843 confirmatur,
1328 794 1434 842 quod
1469 805 1596 842 neque
1632 794 1831 832 τίθωνται

382 866 513 903 neque
530 856 707 893 τίθενται
734 858 862 895 metro
890 855 1106 895 satisfacit.
1152 855 1298 904 Itaque
1326 855 1368 895 in
1388 855 1512 895 tertio
1535 866 1690 904 quoque
1708 867 1831 896 versu

383 930 492 965 μενει
519 929 590 967 pro
618 917 755 957 futuro
783 918 996 967 legendum
1025 920 1098 968 est,
1134 918 1176 957 in
1204 920 1349 966 quarto
1376 920 1524 968 autem,
1559 918 1602 957 in
1631 929 1707 967 quo
1733 918 1831 958 libri

382 977 508 1018 ‘t'uovo'
524 980 589 1020 vel
602 979 738 1032 ἤκουσ’
752 981 960 1030 praebent,
973 978 1099 1019 ‘t'novd
1113 980 1380 1031 Aeschyleum
1395 991 1483 1021 esse
1498 983 1608 1021 certe
1623 982 1793 1031 apparet
1805 981 1830 1020 ¹.

385 1042 535 1093 Quodsi
563 1042 607 1082 in
635 1042 761 1092 primo
789 1046 832 1083 et
859 1043 981 1083 tertio
999 1042 1184 1083 versibus
1212 1043 1392 1083 futurum
1419 1045 1589 1094 tempus,
1616 1043 1659 1083 in
1686 1046 1829 1092 quarto

384 1118 576 1155 praesens
603 1118 675 1155 pro
703 1106 840 1146 futuro
869 1107 1096 1147 adhibitum
1124 1107 1361 1157 invenimus,
1387 1107 1498 1147 locus
1527 1108 1580 1146 ad
1601 1107 1830 1147 Palicorum

386 1168 537 1207 cultum
565 1168 859 1208 instituendum
886 1169 1065 1218 pertinet
1093 1180 1310 1218 versusque
1339 1169 1445 1209 alter
1482 1172 1524 1209 et
1562 1171 1731 1218 quartus
1760 1172 1832 1209 aut

385 1242 410 1270 a
429 1232 503 1270 deo
522 1231 657 1280 aliquo
676 1234 749 1271 aut
768 1244 792 1271 a
806 1234 904 1272 vate
924 1233 1085 1272 deorum
1104 1232 1270 1272 oracula
1288 1232 1543 1271 renuntianti
1560 1231 1830 1281 proferuntur.

385 1292 484 1341 Ipsa
510 1293 639 1343 igitur
657 1293 885 1333 Palicorum
913 1293 1053 1334 fabula
1081 1297 1122 1334 et
1147 1292 1275 1332 αἴτιον
1301 1293 1433 1334 cultus
1461 1305 1596 1333 eorum
1623 1294 1666 1333 in
1686 1294 1830 1334 Aetnis

384 1359 566 1396 tractata
593 1359 687 1396 sunt
716 1360 767 1407 et,
795 1357 838 1396 id
877 1358 981 1406 quod
1010 1369 1060 1397 ex
1088 1357 1200 1397 vitae
1233 1357 1301 1397 illo
1328 1357 1413 1397 loco
1447 1357 1721 1397 coniciendum
1758 1360 1830 1407 est,

384 1419 544 1458 Aetnae
563 1418 700 1468 oppidi
717 1418 850 1469 gloria
869 1422 931 1458 est
948 1419 1251 1468 praenuntiata.
1296 1418 1339 1458 Si
1359 1419 1433 1459 hoc
1451 1420 1565 1459 modo
1584 1418 1829 1468 explicamus

383 1480 574 1531 fabulam,
596 1481 792 1522 rationem
823 1483 931 1531 apud
949 1481 1129 1532 tragicos
1148 1481 1252 1522 satis
1271 1482 1463 1522 usitatam
1482 1481 1604 1522 etiam
1623 1482 1666 1522 in
1685 1482 1830 1522 Aetnis

383 1542 623 1594 invenimus,
649 1555 768 1593 quam
787 1544 1012 1594 Aeschylus
1038 1544 1124 1593 ipse
1151 1544 1514 1594 111Ε111110111ᾶ111118,
1541 1543 1759 1594 Euripides
1787 1544 1830 1583 in

383 1606 583 1647 Archelao
603 1610 645 1647 et
663 1607 705 1646 in
724 1606 981 1656 Supplicibus
1001 1607 1200 1657 adhibuit,
1228 1610 1275 1647 ut
1294 1619 1352 1657 ea,
1379 1618 1483 1656 quae
1500 1607 1601 1656 ipsis
1620 1611 1830 1656 poetarum

383 1668 631 1717 temporibus
651 1668 824 1708 omnium
843 1669 995 1709 animos
1014 1669 1328 1719 commovebant,
1347 1680 1435 1708 cum
1454 1668 1648 1709 fabulosis
1667 1669 1832 1709 heroum

384 1731 633 1780 temporibus
660 1731 1004 1782 coniungerentur
1017 1732 1042 1770 ².
1097 1731 1224 1771 Falsa
1250 1732 1378 1782 igitur
1415 1734 1479 1772 est
1508 1732 1715 1772 Welckeri
1741 1743 1831 1772 sen·

384 1794 537 1844 tentia,
574 1794 644 1842 qui
682 1794 829 1833 Aetnis
866 1794 1087 1844 mythicum
1124 1796 1406 1843 argumentum
1446 1805 1526 1833 non
1571 1793 1696 1834 fuisse
1737 1794 1832 1833 Tril.

385 1868 422 1904 p.
450 1856 529 1895 566
565 1855 732 1906 censuit,
773 1854 892 1896 immo
928 1857 978 1896 de
1014 1856 1297 1905 praesentibus
1329 1859 1487 1896 tantum
1523 1856 1645 1901 rebus
1682 1856 1752 1906 agi
1789 1860 1832 1897 et

385 1918 528 1957 futura
556 1917 848 1966 praenuntiari.

490 1979 616 2019 Aliud
644 1990 799 2028 quoque
828 1976 955 2017 αἴτιον
981 1979 1024 2018 111
1051 1978 1198 2019 Aetnis
1225 1978 1368 2029 inerat,
1405 1979 1511 2028 quod
1539 1990 1615 2028 quo
1642 1979 1727 2019 loco
1757 1983 1831 2020 aut

385 2054 410 2081 a
438 2054 515 2091 quo
553 2045 902 2081 commemoratum
939 2042 1013 2092 sit,
1049 2041 1258 2081 nescimus.
1321 2041 1522 2081 Iohannes
1559 2041 1664 2081 enim
1692 2042 1831 2092 Lydus

384 2106 432 2145 de
451 2105 656 2146 mensibus
674 2117 712 2155 p.
733 2105 820 2155 170,
839 2106 863 2145 7
874 2116 958 2155 sqq.
978 2104 1225 2156 (Wuensch),
1243 2104 1291 2145 fr.
1308 2105 1356 2144 11
1369 2104 1405 2144 Ν
1424 2104 1594 2154 praebet
1612 2104 1832 2145 Saturnum

383 2169 426 2208 in
462 2169 596 2219 Libya
641 2172 683 2209 et
728 2168 872 2209 Sicilia
916 2179 1108 2218 regnasse
1153 2167 1422 2218 oppidumque
1459 2167 1684 2208 condidisse
1718 2166 1775 2214 ὥς
1810 2166 1831 2206 ὅ

383 2232 527 2283 Χάραξ
554 2233 664 2283 φησί,
700 2230 794 2282 τ<ὴν
828 2231 917 2270 τότε
954 2230 1025 2280 μὲν
1060 2230 1298 2283 λεγ>ομένην
1324 2232 1503 2282 Κρονίαν,
1541 2236 1608 2269 νῦν
1646 2229 1689 2269 δὲ
1714 2229 1832 2282 Ἱερὰν

492 2335 503 2354 ¹
525 2335 623 2369 Falso
637 2336 780 2369 hocloco
792 2334 903 2373 vsgovo'
919 2337 1051 2378 Burges
1063 2335 1215 2377 coniecit,
1228 2335 1345 2368 Nauck
1358 2334 1548 2377 assumpsit,
1561 2345 1635 2368 cum
1648 2335 1832 2377 Aeschylus

384 2388 470 2420 clare
492 2398 607 2421 vocem
623 2385 765 2419 Παλικοί
780 2388 910 2422 derivet
931 2398 974 2420 ex
990 2385 1181 2419 Παλινοικοι
1202 2388 1224 2421 i.
1240 2398 1267 2421 e.
1283 2388 1342 2428 qui
1363 2385 1465 2418 πάλιν
1478 2390 1595 2418 ἵκουσι.
1639 2388 1710 2420 Hoc
1723 2387 1832 2429 igitur

383 2439 561 2481 legendum
583 2442 644 2482 est,
675 2440 761 2481 quod
789 2449 863 2473 cum
886 2449 986 2473 sensu
1014 2440 1161 2473 futuram
1191 2440 1331 2473 formam
1360 2440 1421 2473 hoc
1449 2440 1486 2473 in
1516 2449 1617 2473 versu
1644 2438 1832 2480 postulanti

382 2501 449 2524 11011
470 2495 611 2534 pugnat,
635 2502 710 2525 cum
732 2492 865 2533 saepius
886 2492 1077 2533 praesentia
1106 2492 1281 2526 verborum
1311 2492 1412 2525 eundi
1434 2495 1469 2526 et
1497 2492 1655 2526 veniendi
1682 2494 1832 2533 tempora

382 2553 440 2585 pro
462 2544 586 2578 futuris
608 2544 847 2586 adhibeantur3
869 2544 1021 2586 Krueger
1046 2543 1258 2577 Griechische
1279 2543 1498 2586 Sprachlehre
1520 2544 1605 2588 ξρὃ,
1630 2543 1657 2586 1,
1675 2543 1691 2575 1
1709 2543 1785 2576 adn.
1800 2543 1831 2575 8.

489 2596 503 2616 ²
525 2596 574 2630 Cf.
599 2597 699 2630 etiam
723 2597 762 2629 A.
786 2596 956 2629 Dieterich
978 2597 1000 2629 1.
1023 2607 1054 2637 p.
1078 2597 1097 2628 2
1121 2596 1141 2629 1.
1165 2607 1197 2637 p.
1222 2596 1293 2629 189.
