1990 2959
359 141 410 181 10
955 141 1072 175 Ericus
1094 142 1214 176 millet

355 257 493 287 ronem
521 245 785 286 immortalem
812 245 994 297 praebet,
1017 245 1087 296 qui
1112 245 1345 288 Promethei
1370 245 1456 287 loco
1483 246 1535 288 ad
1561 245 1714 288 inferos
1741 246 1803 291 ire

356 313 525 359 paratus
549 312 622 359 est,
640 320 728 348 cum
753 308 940 359 Iuppiter
957 320 1000 349 sc
1018 308 1144 360 illum,
1170 308 1252 350 nisi
1270 310 1377 350 alter
1395 310 1493 350 deus
1511 320 1583 360 pro
1611 314 1659 350 eo
1675 320 1803 350 more·

355 376 480 422 retur,
506 372 775 412 liberaturum
803 383 882 412 non
910 380 1000 412 esse
1027 371 1229 414 iuraverit
1254 373 1399 424 (Prom.
1425 372 1559 413 Vincih
1587 373 1804 423 1026sqq‚3

356 434 539 484 Apollod.
566 434 610 474 H
638 435 714 474 119
740 434 942 485 Wagner3
979 434 1169 475 Welcker
1195 434 1292 475 Tril.
1327 447 1365 485 p.
1401 436 1453 475 47
1464 435 1575 486 sqq).
1641 435 1803 476 Prome·-

354 497 474 538 theus
502 500 637 538 autem
666 509 715 537 ea
733 497 965 538 condicione
991 498 1201 548 liberatur,
1229 501 1276 538 ut
1301 497 1450 538 fatales
1467 497 1636 548 nuptias
1663 498 1803 548 quales

355 560 439 600 sint
458 559 680 610 renuntiet,
698 572 797 609 quas
816 561 926 601 Iovis
951 561 1119 611 imperio
1137 560 1386 610 periculosas
1402 561 1491 602 fore
1510 560 1763 610 percrebruit
1777 560 1802 600 ¹.

462 622 577 675 Quae
603 634 669 664 res
699 630 780 673 qua
812 623 972 665 ratione
1001 625 1053 665 ab
1083 624 1285 675 Aeschylo
1320 623 1364 665 in
1390 623 1562 675 singulis
1598 625 1803 665 tractatae

354 691 478 736 atque
506 687 726 737 dispositae
744 687 840 737 sint,
867 687 987 728 valde
1007 687 1283 727 dissenserunt
1307 687 1389 728 viri
1406 687 1525 738 docti,
1553 687 1650 737 quin
1678 687 1803 727 etiam

355 749 538 791 nonnulli
576 749 881 801 dubitaverunt,
916 761 1009 790 num
1048 761 1183 791 omnes
1221 761 1300 791 nna
1335 749 1476 792 fabula
1511 750 1666 792 fuerint
1700 760 1803 791 com·

356 815 588 862 prehensae.
661 814 779 852 Hanc
824 813 865 852 in
910 824 994 852 rem
1039 814 1222 853 breviter
1256 814 1372 853 nobis
1413 816 1477 852 est
1511 814 1803 863 inquirendum,

356 874 592 925 priusquam
620 875 670 915 de
697 873 796 925 ipsis
822 875 984 916 deorum
1012 874 1055 915 in
1083 875 1335 916 Prometheis
1361 875 1550 926 partibus
1577 875 1707 917 verba
1740 874 1801 915 fa-

355 938 521 987 ciamus,
539 949 627 978 cum
648 938 853 978 artissime
876 938 954 978 hae
973 939 1078 978 duae
1093 937 1348 987 quaestiones
1366 939 1476 978 inter
1490 949 1533 978 se
1548 939 1802 978 cohaereant.

356 1001 492 1050 Atque
517 1000 708 1041 Vinctum
737 1000 908 1051 quidem,
936 1000 1130 1051 Solutum,
1158 1000 1381 1052 Igniferum
1417 1000 1608 1052 trilogiae
1641 1000 1802 1043 vinculo

354 1064 592 1103 coniunctas
628 1063 754 1103 fuisse
791 1075 927 1104 omnes
972 1064 1249 1114 consentiunt,
1297 1075 1385 1103 cum
1430 1068 1516 1104 tres
1552 1064 1713 1104 fabulas
1749 1064 1803 1103 ad

355 1127 527 1167 eundem
555 1127 837 1168 Prometheum
874 1126 1128 1177 pertinentes
1163 1128 1395 1176 habeamus,
1432 1127 1623 1168 Vinctum
1659 1130 1701 1168 et
1733 1126 1801 1168 So·

355 1190 485 1230 lutum
523 1190 701 1231 eiusdem
738 1190 928 1241 trilogiae
964 1191 1089 1232 fuisse
1131 1191 1286 1232 scholia
1321 1194 1526 1231 testentur
1568 1190 1632 1241 (cf.
1663 1196 1803 1240 *supra

356 1266 392 1304 p.
420 1254 471 1306 9),
509 1254 703 1305 Aeschyli
730 1256 967 1307 Προμηθεῖς
1002 1258 1049 1295 ut
1077 1254 1241 1295 fabulae
1273 1254 1383 1295 inter
1422 1266 1465 1295 se
1493 1255 1732 1295 coniunctae
1758 1253 1802 1294 in

357 1317 531 1358 historia
558 1317 713 1358 musica
739 1317 807 1369 (cf.
833 1318 943 1358 infra
969 1331 1005 1368 p.
1032 1319 1097 1369 12)
1126 1318 1363 1359 afferantur.

461 1380 541 1421 Sed
559 1379 641 1420 iam
660 1381 713 1421 ad
730 1380 977 1432 singulorum
993 1381 1219 1422 sententias
1237 1380 1526 1422 examinandas
1540 1383 1803 1422 transeamus.

355 1443 531 1494 Quorum
569 1444 784 1494 Westphal
819 1444 845 1484 1.
880 1457 918 1494 p.
949 1445 974 1484 9
1010 1444 1036 1484 1.
1072 1456 1108 1494 p.
1140 1444 1217 1484 207
1237 1455 1322 1494 sqq.
1364 1447 1503 1484 censet
1538 1444 1636 1484 Iove
1670 1443 1802 1484 invito

353 1510 477 1556 atque
504 1506 711 1548 nesciente
729 1507 1014 1548 Prometheum
1042 1508 1093 1548 ab
1114 1507 1289 1548 Hercule
1315 1506 1533 1548 liberatum
1561 1518 1649 1548 esse
1676 1515 1802 1557 eoque

354 1569 513 1609 finitam
541 1581 631 1611 esse
658 1570 923 1621 tragoediam,
960 1582 1063 1620 quae
1099 1570 1338 1611 inscribitur
1364 1569 1576 1619 Λυόμενος.
1632 1570 1733 1610 Tum
1759 1569 1802 1610 in

355 1631 578 1684 Πυρφόρῳ,
626 1644 746 1682 quam
790 1632 969 1674 fabulam
1009 1633 1172 1674 tertiam
1216 1633 1406 1685 trilogiae
1455 1644 1544 1674 esse
1585 1633 1802 1684 existimat,

355 1697 636 1736 Prometheum
665 1697 718 1737 ab
745 1696 921 1737 Hercule
947 1697 992 1737 in
1019 1697 1242 1737 contionem
1269 1698 1431 1737 deorum
1458 1697 1731 1739 introductum
1758 1696 1802 1737 in

355 1760 533 1810 gratiam
562 1759 716 1800 redisse
745 1771 833 1800 cum
862 1760 971 1811 Iove,
998 1759 1068 1801 ubi
1096 1760 1249 1801 fatales
1266 1759 1435 1810 nuptias
1462 1759 1732 1810 explicaverit
1760 1763 1802 1800 et

355 1822 476 1862 Chiro
496 1823 728 1863 Promethei
746 1823 882 1873 gratia
897 1823 1017 1862 morti
1037 1834 1082 1863 se
1101 1823 1272 1863 dederit.
1325 1823 1413 1874 Quo
1431 1823 1540 1863 facto
1559 1823 1802 1863 Promethea

356 1885 502 1926 Attica
514 1886 541 1936 ἓ,
576 1885 723 1935 quibus
760 1885 1041 1926 adulescentes
1076 1886 1119 1926 in
1154 1886 1342 1926 honorem
1370 1885 1602 1926 Promethei
1636 1885 1802 1936 igniferi

357 1960 446 1989 cum
475 1948 634 1989 facibus
661 1948 904 1989 ardentibus
941 1960 1014 1999 per
1040 1948 1289 1989 ceramicum
1325 1949 1378 1988 ad
1405 1948 1545 1988 urbem
1573 1949 1802 2000 currebant,

355 2013 409 2052 ab
433 2011 617 2052 omnibus
644 2011 705 2052 dis
740 2011 924 2052 sollemni
951 2023 1097 2063 pompa
1131 2023 1221 2052 esse
1257 2011 1460 2062 instituta,
1495 2011 1537 2051 in
1564 2023 1645 2062 qua
1677 2011 1802 2052 etiam

354 2075 443 2125 ipse
459 2075 724 2116 Prometheus
751 2074 880 2116 facem
908 2074 1146 2126 portaverit.
1199 2074 1425 2125 Propterea
1450 2073 1688 2125 inscriptam
1715 2078 1803 2115 esse

354 2138 532 2179 fabulam
562 2137 784 2190 Πυρφόρον,
821 2149 898 2188 quo
935 2138 1095 2179 nomine
1122 2138 1387 2179 Prometheus
1422 2138 1476 2178 ab
1512 2137 1664 2178 Atticis
1700 2137 1802 2178 cele·

354 2202 496 2242 bratus
523 2201 589 2242 sit.

465 2329 475 2348 ¹
497 2329 608 2362 Vinct.
634 2328 784 2370 169sqq.‚
806 2328 869 2361 764
878 2338 958 2370 sqq.,
981 2328 1044 2361 907
1052 2338 1133 2370 sqq.,
1148 2328 1308 2369 989sqq.;
1330 2327 1513 2361 Philodem.
1535 2329 1612 2369 περὶ
1635 2324 1802 2367 εὐαεβείαε

355 2380 444 2422 apud
466 2380 676 2414 Theodorum
697 2380 861 2423 Gomperz
882 2380 1148 2414 Herculam'ache
1170 2380 1314 2414 Studien
1335 2380 1372 2414 11
1392 2379 1444 2414 41.

461 2432 475 2451 ¹
502 2433 551 2464 Τὰ
574 2433 777 2475 Προμήθεια
805 2433 925 2474 Lysias
945 2433 998 2474 21,
1020 2433 1058 2475 ὃς
1089 2433 1205 2467 Imus
1234 2433 1271 2476 ¹2,
1299 2432 1358 2475 363
1391 2432 1600 2476 [Xenophon]
1629 2441 1683 2467 res
1711 2432 1802 2475 publ.

331 2475 342 2486 ⁰
355 2485 477 2519 Athen.
499 2485 530 2528 3,
546 2486 566 2518 4
581 2486 624 2519 al.
647 2485 773 2519 Horum
795 2486 836 2519 de
858 2485 927 2519 ritu
948 2486 1147 2519 conferenda
1168 2488 1257 2527 sunt,
1280 2494 1366 2527 quae
1379 2485 1473 2526 Bapp
1496 2485 1585 2526 apud
1598 2484 1801 2519 Boscherum

356 2546 381 2569 s.
405 2547 436 2569 v.
458 2537 676 2571 Prometheus
697 2537 751 2570 111
773 2537 856 2570 3037
878 2537 1028 2579 protulit,
1058 2543 1122 2578 quo
1143 2537 1215 2571 loco
1236 2537 1339 2571 etiam
1362 2536 1420 2570 alii
1448 2536 1535 2579 libri,
1565 2536 1623 2578 qui
1643 2536 1710 2570 hue
1729 2542 1803 2577 per·

355 2587 477 2628 tinent,
500 2589 695 2622 afferuntur.
